3848 6158
71 238 126 291 tri
285 237 330 293 Bu
347 236 586 298 cOEnuosslouuu
605 243 729 301 iussit.
748 244 813 303 LIB.
833 244 881 300 Ν.
899 273 936 286 -
954 247 999 302 DE
1017 247 1208 307 INSTITUTIS
1227 250 1524 309 RENUNTlANTlUM.
1675 255 1727 311 trs

80 359 167 417 ilentii
192 360 274 435 buius
292 361 434 438 disciplina
456 376 588 435 seruatur,
613 376 644 424 ut
665 369 776 427 cucullis
800 370 911 437 ultraA
926 380 1008 444 atque
1027 373 1063 430 ad
1079 373 1264 447 colligendum
1279 383 1382 449 parata,
1404 375 1484 433 facilc
1503 376 1536 433 ad
1559 392 1726 436 consensum

68 455 219 512 oculorum
233 455 374 527 palpebras
388 457 516 517 demissis
535 462 582 533 (ne
593 462 699 519 scilicet
717 463 783 520 liber
796 472 882 534 arpo·
926 467 1164 539 concupiscentiae,
1181 469 1280 526 illicere
1299 470 1405 527 valeant
1419 470 1566 539 intuentes,
1587 480 1615 528 et
1628 487 1727 543 oppor-

65 556 133 605 ctus
145 546 388 607 bsbcateuriosius
399 551 506 623 copiam
515 552 670 625 evagandi),
682 553 750 610 nihil
758 555 873 627 amplius
926 559 1041 617 tunitate
1061 562 1104 618 rel
1123 563 1210 634 copia,
1229 564 1354 634 quamuis
1370 564 1512 621 districtos
1536 572 1619 638 atque
1638 564 1725 622 absti-

65 640 237 708 intueantur,
252 656 337 713 quam
355 657 488 712 mensam,
508 652 536 701 et
559 645 700 717 appositos
719 646 748 703 iu
768 662 810 716 ea,
832 646 872 705 vel
926 653 1113 724 neutissimos,
1134 655 1226 713 adsui
1244 655 1407 714 desiderium
1424 673 1595 729 provocare:
1617 659 1726 716 sacrile-

65 748 142 807 quos
155 749 187 791 ex
200 748 231 789 ea
245 734 357 807 capiunt
370 736 457 804 cibos,
469 737 508 792 ita
519 745 551 794 ut
567 737 813 810 quemadmodum,
829 741 870 798 ucl
926 747 1001 821 pum
1015 747 1131 805 ducatur
1147 765 1203 807 non
1214 748 1300 806 modo
1310 749 1458 821 quidquam
1470 765 1503 807 ex
1516 749 1724 823 hisdegustarc,

66 834 206 901 quantum
225 827 330 886 reliciat
346 829 424 900 alius,
439 830 530 888 nullus
544 832 660 889 inuicem
675 840 763 891 notet.
924 843 1114 900 verumetiam
1133 859 1216 900 manu
1234 844 1403 917 contingere,
1419 843 1522 915 absque
1538 860 1571 901 eo
1585 845 1659 917 quod
1678 861 1724 919 pa-

355 972 475 1030 CAPUT
493 975 596 1031 xvm.
923 933 980 991 lam
998 937 1104 993 cunctis
1123 937 1152 994 iu
1167 952 1313 995 commune
1327 937 1511 994 reficientibus
1528 936 1685 1005 exhibetur,
1697 947 1725 994 et

924 1026 960 1084 ad
972 1029 1176 1102 percipiendum
1188 1029 1324 1089 oeconomi
1336 1029 1538 1104 disponsatione
1549 1043 1598 1104 per
1608 1027 1725 1091 {rabum

924 1121 1054 1196 obsequia
1069 1123 1175 1197 publico
1188 1124 1369 1182 ministratur.

1213 1231 1336 1289 CAPUT
1354 1232 1438 1288 xlx.

104 1305 274 1374 Antequam,
285 1301 325 1357 rel
341 1309 499 1375 postquam,
515 1305 665 1377 legitimam
678 1323 870 1366 communem·
926 1327 1152 1395 mgmggpm
1171 1342 1222 1397 pp,
1244 1327 1419 1383 pppoegpmm
1442 1327 1484 1380 uel
1505 1326 1723 1395 Mesopotamiam

63 1411 122 1469 quc
136 1395 316 1452 reiectionem
336 1398 496 1470 percipiant,
510 1414 619 1456 summa
638 1404 765 1459 cautione
778 1417 870 1459 serva·
1003 1399 1162 1469 quotidiana
1174 1399 1306 1466 {rutubus
1318 1399 1495 1455 aabibeuatur
1510 1398 1645 1467 obsequia.

64 1492 149 1558 tur,⁸
166 1504 203 1547 ne
217 1498 294 1548 entra
310 1504 435 1548 mensam
450 1492 600 1564 quidquam
615 1495 667 1553 cibi
690 1497 800 1569 penitus
810 1498 868 1567 [nl.
959 1504 1000 1557 lle
1012 1500 1079 1573 quid
1091 1498 1202 1558 sanede
1218 1500 1350 1557 institutis
1364 1499 1553 1557 ooeuobiorum
1569 1498 1722 1574 praetermi-

65 1585 193 1657 potusre]
207 1584 248 1641 ori
269 1599 320 1641 suo
340 1584 485 1657 quisquam
504 1585 646 1661 indulgere
659 1600 823 1660 prasumatt
839 1600 871 1649 ut
923 1595 990 1653 sisse
1001 1594 1153 1665 videamur,
1165 1594 1399 1668 quemadmodum
1417 1594 1577 1669 quotidiana
1593 1593 1723 1651 iratribus

67 1676 263 1737 inmdenubus
284 1694 333 1752 per
351 1679 449 1737 hortos
479 1690 507 1737 et
529 1684 652 1754 pomaria
678 1701 742 1742 oum
767 1687 870 1760 passim
922 1689 1007 1746 etiam
1021 1704 1069 1762 per
1081 1689 1148 1745 alias
1161 1689 1287 1759 regiones
1300 1687 1479 1745 exhibeantur
1490 1686 1630 1759 obsequia,
1647 1702 1724 1743 com·

63 1772 223 1845 blandeque
239 1788 288 1847 per
306 1774 417 1832 arbores
438 1791 520 1847 poma
535 1777 687 1850 pendentia,
702 1795 758 1837 non
778 1779 868 1838 solum
922 1782 1134 1839 memorandum
1147 1781 1267 1838 breviter
1276 1788 1353 1853 puto.
1367 1783 1421 1837 Per
1440 1789 1566 1838 cunctam
1580 1772 1723 1851 namqueb

64 1866 197 1940 objiciant
217 1882 247 1924 se
265 1867 420 1940 pectoribus
439 1871 649 1941 transeuntium,
674 1888 770 1931 verum
785 1851 906 1932 etiamB
923 1873 1159 1947 Mesopotamiam,
1179 1872 1364 1942 Palaestinam,
1384 1882 1412 1929 et
1432 1882 1443 1908 ⁶
1463 1872 1722 1947 Cappadocumue

63 1969 155 2021 mata
166 1978 216 2038 per
236 1971 339 2021 terram
359 1965 542 2023 conculcanda
563 1966 677 2039 pedihus
690 1984 720 2025 se
738 1967 866 2039 aflerant,
922 1978 1011 2028 totum
1033 1956 1216 2039 Orientem,‘¹
1238 1967 1354 2040 singulis
1371 1967 1589 2025 bebdomadibus
1602 1966 1722 2025 vicissim

615 2094 744 2150 attunt
762 2096 875 2153 GAZAEl
893 2095 1173 2153 COMMENTARIUS.

61 2194 273 2268 caramerum
286 2195 331 2253 bia
345 2195 470 2252 meminit
483 2201 598 2267 Auctor,
616 2208 644 2255 et
664 2216 783 2271 quorum
799 2217 865 2257 usus
918 2201 1095 2258 susalioiooo
1105 2202 1216 2268 (Biturs
1225 2215 1248 2254 c.
1260 2203 1314 2269 tt),
1325 2199 1493 2256 enumeratis
1505 2198 1650 2255 leuioribus
1660 2200 1719 2256 cul-

36 2336 39 2341 ·
60 2266 261 2325 nimnnnin
280 2268 451 2324 monasteriis
470 2269 539 2324 bene
552 2269 683 2327 institutis
694 2272 774 2342 viget.
790 2273 864 2329 ilinc
938 2273 945 2285 '
961 2272 1095 2344 ,exponit
1107 2272 1256 2344 graviores,
1266 2271 1415 2341 intorques
1427 2270 1486 2326 imo
1497 2270 1581 2325 babet
1592 2270 1673 2326 verba
1685 2270 1720 2326 ad

60 2338 170 2397 beatus
185 2340 349 2395 Fructuosus
369 2339 407 2395 ait
429 2359 436 2393 :
451 2340 563 2410 Siquid
583 2342 656 2397 deest
668 2344 699 2397 ιἰι
719 2358 821 2405 merua,
839 2345 865 2400 is
955 2360 988 2399 nc
998 2359 1058 2400 rem
1076 2341 1226 2414 spectantia
1245 2342 1496 2399 :Batramdinaria
1508 2357 1540 2397 aa
1552 2343 1722 2409 startiauoibi

62 2411 117 2495 quai
128 2414 239 2495 preest,
257 2410 322 2535 (133
334 2412 411 2495 signo
429 2416 476 2519 out
489 2413 614 2536 pentima,
624 2417 711 2483 petat,
728 2418 754 2467 et
766 2415 866 2469 indicet
919 2417 1037 2483 resectio,
1049 2414 1717 2497 moniliaincrepationequamdisimusspiritali,

16 2484 290 2609 rabbus
311 2571 320 2606 ..
339 2483 866 2623 tuasne
919 2486 1015 2625 tin
1026 2486 1117 2612 elea
1126 2484 1720 2638 aurelianensibus

62 2638 170 2687 neusa,
182 2638 257 2679 nano
273 2623 374 2678 audeat
383 2622 407 2678 lo
426 2625 750 2687 amministrantibus
760 2628 867 2695 sigrium
920 2627 1718 2697 (Gap.tl):0uaado,rnqurt,nliquisaaapotestpepuanrc,raon

63 2694 158 2749 sumtu
174 2694 229 2749 det.
248 2694 317 2750 llaec
335 2695 388 2750 ille.
408 2640 463 2751 {ed
477 2705 505 2751 et
520 2697 648 2768 antiquus
660 2695 817 2768 hujusmodi
828 2697 868 2778 'si-
920 2703 1009 2753 tamen
1019 2698 1195 2752 cetratorum
1233 2696 1715 2778 andiialiquidalimentommsumat,

63 2778 185 2837 gnaram
209 2778 276 2820 usus
290 2781 324 2819 ex
341 2766 442 2838 Regula
457 2766 485 2821 S.
506 2766 783 2823 Pachumiiasancto
798 2768 866 2823 lire·
919 2772 975 2824 uisi
986 2784 1045 2823 cum
1055 2771 1177 2837 oeqrotot.
1218 2769 1281 2822 tD.
1296 2766 1461 2822 Benedictus
1472 2782 1532 2836 cap.
1549 2771 1583 2820 tt
1596 2784 1603 2818 z
1618 2767 1717 2823 Nullus

63 2836 865 2967 melititeilliberalitatis?fillt·
915 2837 1719 2980 iiiiiititilletlitteriiiitilttllit‘

102 3044 105 3048 ¹
153 2979 329 3033 masmim
349 2979 434 3045 suerit
450 2979 489 3033 ad
509 2994 637 3043 mensam
659 2995 735 3035 reemo
755 2981 867 3037 audebit
918 2982 955 3037 Pa
991 2980 1144 3050 omiilArt.
1161 2982 1210 3047 43)
1225 2979 1362 3035 sancitum
1378 2978 1503 3049 bamus,
1523 2980 1558 3033 ut
1574 2978 1665 3033 nullus
1686 2981 1715 3033 ia

135 3051 150 3112 ⁸,
164 3049 213 3104 sed
224 3050 443 3103 ministrantibus
454 3051 526 3118 ciprii
535 3054 653 3106 sonitum
667 3051 754 3107 dabit.
769 3052 865 3107 Memi-
917 3053 984 3107 cella
1004 3067 1055 3107 stra
1074 3056 1186 3122 amorrei
1204 3051 1311 3121 aliquid
1330 3050 1368 3104 ad
1379 3049 1544 3111 suscendum,
1560 3053 1663 3118 prater
1684 3064 1716 3104 ea

61 3118 288 3175 nitoorumdem
307 3118 476 3191 Nicephorus
490 3120 538 3177 lib.
558 3135 591 3177 rx
609 3136 670 3193 cap.
686 3128 732 3178 14.
755 3124 786 3177 ln
804 3123 864 3178 Vita
918 3123 1194 3193 quaeadispeasutore
1201 3123 1338 3192 acceperit.
1349 3119 1473 3201 Denique
1482 3117 1626 3175 Cassianus
1633 3133 1715 3188 supra

62 3190 94 3247 8.
109 3189 219 3247 odonis
229 3189 413 3247 Cluniacensis
427 3189 486 3247 haec
501 3191 536 3247 dc
552 3191 770 3248 cluniacensium
786 3207 864 3249 more
912 3194 990 3263 ilio.
1009 3208 1042 3249 rr
1060 3208 1083 3248 a.
1101 3198 1149 3259 td)
1166 3193 1268 3257 retulit,
1292 3192 1361 3247 tanti
1383 3189 1479 3246 fecisse
1497 3198 1601 3246 veteres
1618 3191 1715 3244 Patres

60 3260 218 3317 raduntur
238 3281 251 3317 ε·
262 3263 368 3329 Quoties
384 3264 526 3317 necessitas
548 3262 585 3316 ad
607 3264 799 3332 exposcendum
822 3280 865 3319 res
918 3264 1018 3321 uitium
1033 3262 1138 3320 iurtivae
1155 3262 1344 3329 comestionis,
1358 3268 1390 3317 ut
1406 3261 1429 3317 si
1452 3275 1534 3332 quem
1549 3260 1609 3332 ejus
1632 3274 1714 3320 notai

61 3332 201 3394 maome,
220 3334 293 3387 tabee
311 3332 501 3401 diuersasipaa
514 3334 626 3387 inuicem
637 3334 791 3402 iebantad
803 3350 865 3403 per-
917 3349 997 3390 reum
1025 3333 1202 3407 reperissent,
1230 3348 1287 3389 non
1311 3331 1496 3402 increpatione
1523 3330 1713 3400 solummodo,

62 3402 184 3473 petenda
198 3404 381 3472 quaesierim
397 3419 476 3473 quas,
492 3409 568 3474 pato,
585 3406 864 3473 grammaticidigito·
917 3420 971 3476 qua
998 3404 1096 3459 leviora
1122 3403 1219 3460 delicta
1249 3403 1446 3475 plectebantur,
1482 3401 1529 3458 sed
1558 3402 1599 3456 vel
1626 3401 1715 3473 plagis

62 3488 126 3529 mn
141 3474 312 3530 ammonam
328 3480 406 3529 notas
419 3475 672 3530 uocareuolueruut.
687 3476 763 3531 Adeo
771 3491 865 3545 uerupe
918 3474 1106 3542 emendarent,
1127 3475 1169 3531 rel
1190 3474 1350 3546 expulsione
1365 3482 1520 3545 purgarent.
1535 3472 1616 3540 Quod
1636 3474 1714 3529 intel·

61 3545 138 3601 suta
155 3550 358 3601 eoseacrecerat
367 3545 431 3600 ordo
438 3547 499 3607 iste,
513 3551 545 3600 at
557 3548 582 3599 si
595 3547 653 3600 sine
663 3548 752 3615 ospicio
764 3547 864 3616 linque
918 3547 970 3619 lige
986 3546 1065 3618 jnna
1086 3545 1190 3602 dictam
1211 3545 1349 3602 Pachomii
1369 3545 1547 3611 sanctionem,
1570 3558 1671 3614 nempe
1686 3544 1711 3600 si

63 3620 163 3678 mat,
184 3616 223 3670 ud
241 3617 333 3670 omnia
356 3618 506 3671 necessaria
527 3617 714 3685 siqrutcaado,
741 3620 865 3687 sufficere
917 3618 979 3690 quis
992 3616 1102 3684 furtive,
1117 3625 1145 3674 et
1163 3617 1250 3673 inscio
1268 3617 1394 3683 Praelato,
1411 3625 1714 3688 praetereaquaeasu·

65 1090 297 1159 Quomillieitam
316 1093 354 1147 sit
367 1098 446 1149 ent-tra
466 1110 583 1150 acnuam
604 1113 766 1155 communem
787 1100 870 1171 quid-

268 1178 350 1233 quam
366 1165 422 1220 cibi
431 1172 542 1236 potusve
556 1175 674 1237 prestare.

184 3689 266 3755 maran
284 3688 353 3756 ipso.
375 3688 444 3743 llam
465 3686 502 3741 ibi
517 3688 609 3755 (Vide
630 3690 705 3742 Joan.
731 3690 864 3744 lloscltum
951 3689 1036 3756 riore,
1055 3688 1097 3743 rel
1116 3689 1177 3744 e'us
1192 3688 1312 3753 licentia,
1328 3703 1345 3743 a
1360 3686 1546 3758 dispensatore
1566 3686 1732 3757 acceperit,

131 3799 142 3814 .
156 3758 250 3828 spirit.
261 3772 322 3839 cop.
339 3758 399 3840 δι’).
414 3759 492 3812 lianc
503 3772 585 3838 porro
599 3757 645 3813 SS.
660 3761 776 3814 Petrum
787 3759 864 3814 insti·
955 3760 1018 3816 bere
1037 3768 1085 3815 aut
1109 3705 1181 3815 cfam
1199 3759 1344 3815 comedere
1357 3772 1449 3840 ausus·
1458 3756 1547 3814 inerit.
1561 3760 1620 3839 Qua
1633 3757 1667 3812 de
1683 3771 1713 3810 ro

63 3828 214 3893 udonem,
232 3836 262 3884 et
279 3829 377 3884 sris-tu
401 3827 488 3909 legem
505 3843 533 3883 ru
553 3842 647 3883 mensa
669 3830 865 3885 monachorum
919 3831 1001 3886 babes
1020 3830 1124 3903 insigne
1134 3845 1213 3886 exem
1233 3830 1291 3885 lum
1308 3830 1466 3901 Sarapionis
1485 3827 1614 3884 monachi
1627 3825 1713 3905 cella·

63 3898 149 3955 adam
162 3899 339 3954 innocentius
356 3900 395 3955 lll
411 3897 531 3970 pontifex
545 3897 734 3955 corroborarit
747 3909 775 3956 et
792 3916 860 3956 con·
914 3902 1018 3957 donea
1034 3916 1094 3972 cap.
1111 3907 1155 3958 ta.
1171 3846 1267 3958 scifat
1282 3900 1335 3957 boc
1356 3900 1446 3970 ipsum
1459 3900 1535 3954 uolut
1549 3911 1651 3978 proptu
1664 3908 1713 3965 pe-

64 3966 186 4026 !rmsrit
205 3970 232 4024 in
246 3969 347 4025 celebri
367 3970 413 4025 iilo
431 3969 551 4036 decreto,
565 3969 640 4039 quod
660 3969 754 4038 incipit
772 3987 780 4024 ε
798 3972 862 4028 cum
914 3971 1123 4028 culiicrimena
1139 3974 1167 4028 S.
1183 3971 1288 4028 lsidoro
1302 3970 1457 4040 Hispalensi
1472 3969 1523 4025 sub
1536 3981 1610 4038 gran
1631 3980 1712 4037 poena
1788 4034 1794 4043 ι

61 4040 100 4097 ad
110 4039 359 4105 monasteriumde
373 4048 447 4097 statu
461 4039 588 4095 monach.
606 4057 614 4092 ι
632 4042 664 4094 la
676 4043 801 4108 oratorio,
817 4041 862 4096 in·
916 4041 1083 4113 prohibitum
1105 4041 1221 4113 legimus
1241 4061 1248 4097 :
1271 4041 1393 4102 Nullum,
1417 4039 1507 4107 inquit
1524 4041 1604 4105 (itep.
1624 4052 1646 4090 c.
1668 4041 1711 4118 tii,

62 4110 292 4239 mercatorio
312 4116 339 4166 et
357 4112 511 4167 domitorm
531 4112 686 4166 cutbertum
705 4126 808 4182 semper
822 4112 862 4168 si-
916 4107 1712 4180 emusurtioaooutaminatiopolluat,autimpudmscelpm·

124 4186 131 4196 '
191 4183 353 4238 observetur.
915 4178 1712 4250 uatuseatracommunemmmsamappetitus.Bacommuai-

97 4253 201 4311 ¹Seite
218 4251 409 4309 animadvertit
426 4254 463 4307 B.
486 4255 518 4308 P.
543 4252 632 4309 lulius
653 4252 792 4324 Nigronus
815 4254 864 4319 (ln
916 4255 1028 4309 canona
1039 4247 1710 4320 enimsmtentioembjocebit,quirquisvelocculte,

63 4324 129 4395 hp.
148 4324 208 4381 Soc·
222 4327 296 4391 iesu)
318 4338 374 4379 non
396 4321 482 4379 rideri
504 4323 556 4379 boe
576 4332 659 4405 caput
683 4338 742 4380 suae
766 4323 863 4379 inscri-
916 4326 1049 4380 calestra
1062 4338 1226 4378 mmmuaem
1238 4337 1355 4377 mensam
1364 4320 1470 4403 aliquid
1483 4321 1674 4402 degustaverit.

64 4394 153 4467 ptioni
172 4410 208 4451 aa
225 4394 305 4451 titulo
319 4393 493 4466 respondere,
511 4395 576 4466 quia
590 4394 636 4450 lue
650 4395 723 4450 nulla
738 4402 818 4464 potus
833 4394 865 4450 tit
952 4389 1019 4451 blle
1031 4393 1075 4451 his
1086 4394 1245 4466 regiombus
1257 4392 1364 4450 dictum
1380 4390 1482 4466 aliquid
1491 4406 1573 4465 supra
1587 4390 1660 4463 (nen.
1672 4404 1710 4447 ιιι

64 4466 182 4532 mdo,
207 4467 290 4522 utin
314 4465 372 4536 ipsa
397 4464 582 4535 inscriptione.
607 4465 689 4522 Unde
712 4464 864 4535 suspicatur
917 4483 976 4537 cap.
994 4466 1034 4537 1).

63 4537 198 4593 undum
222 4536 371 4608 irrepsisse,
401 4535 600 4608 legendumque
626 4551 686 4592 esse
713 4555 719 4592 :
779 4541 862 4600 tusce,
952 4533 1159 4619 ⁶Cappadocia
1173 4535 1247 4607 regio
1264 4535 1294 4592 in
1312 4535 1377 4592 Asia
1395 4533 1509 4607 majore,
1532 4532 1670 4591 Galatiam
1684 4540 1713 4588 et

62 4609 251 4679 comperimus
268 4626 277 4663 :
292 4615 352 4662 tum
364 4607 427 4678 quia
438 4622 490 4662 vox
499 4610 608 4677 pertitas
622 4607 727 4663 videtur
760 4607 863 4663 ocloco
916 4608 1097 4680 Pamplnlram
1116 4607 1150 4664 ab
1164 4622 1262 4664 occasu
1281 4610 1427 4678 attingens,
1446 4605 1480 4661 ab
1497 4606 1602 4661 oriente
1620 4603 1713 4659 mino·

62 4690 276 4753 nemausa,
296 4677 376 4733 abest
392 4677 474 4734 etiam
491 4692 507 4732 a
524 4678 656 4748 Dionysio
673 4676 861 4749 Pamphraste,
915 4694 975 4735 rem
994 4679 1193 4748 Armeniam,a
1212 4679 1328 4735 meridie
1342 4677 1474 4744 Ciliciam,
1497 4692 1514 4731 a
1529 4673 1713 4754 septentrione

62 4762 173 4825 mon
192 4764 209 4804 a
226 4747 388 4820 smaragdo,
408 4748 453 4819 qui
473 4747 527 4804 boc
550 4748 745 4808 testimonium.
766 4764 860 4821 qaam·
917 4749 1054 4806 Euxinum
1084 4750 1214 4806 Pontum.
1246 4749 1313 4821 Ejus
1344 4748 1427 4820 regia,
1456 4747 1515 4803 sive
1540 4742 1712 4824 Metropolis,

61 4832 147 4893 μω
161 4820 343 4884 contractius,
357 4819 423 4875 citat
437 4822 482 4885 (ia
491 4822 555 4888 step.
568 4824 601 4876 B.
617 4820 768 4887 Benedicti)
781 4840 788 4875 ι
803 4827 864 4874 tum
936 4820 995 4877 rius
1018 4825 1138 4890 lineata,
1162 4827 1256 4890 postea
1278 4821 1401 4876 Caesarea
1425 4833 1441 4873 a
1468 4815 1583 4873 Claudio
1603 4813 1712 4893 'sibeno

62 4890 125 4965 μή
145 4889 236 4947 facilis
253 4890 342 4963 potuit
360 4904 419 4945 esse
444 4890 546 4945 librarii
564 4891 588 4945 la
609 4905 667 4954 sus,
681 4889 718 4945 ob
738 4889 811 4945 vocis
831 4890 865 4945 si·
879 4897 905 4961 Ι)
918 4838 1001 4957 Rieu,
1024 4892 1054 4946 in
1097 4907 1130 4946 ua
1154 4894 1189 4946 D.
1207 4890 1322 4946 Basilius
1343 4888 1413 4945 sedit
1441 4885 1582 4957 episcopus
1603 4891 1631 4939 et
1656 4896 1714 4954 ipse

62 4960 264 5021 nlimdinem.
300 4964 393 5033 ltaque
420 4961 549 5016 monachi
648 4960 695 5032 ptii
716 4960 783 5016 nibil
810 4959 862 5016 cibi
921 4908 1419 5041 CappadonPliniuslibwraap:aa
1434 4956 1649 5039 Straboiqu).

62 5042 181 5105 potum
197 5033 239 5088 ori
260 5046 311 5088 suo
324 5029 503 5102 indulgebant
521 5041 598 5088 extra
614 5040 737 5102 tempora
752 5030 864 5088 canoni-
948 5020 963 5066 ἆ
982 5031 1071 5103 liujus
1081 5030 1260 5087 institutionis
1272 5038 1356 5086 etiarn
1368 5037 1439 5084 inter
1449 5026 1653 5084 Pamomrmos
1665 5039 1714 5107 seu

62 5118 112 5171 n,
124 5103 157 5160 id
174 5111 220 5160 est
231 5102 363 5176 regularis
385 5111 413 5158 et
427 5104 582 5159 communis
602 5101 768 5159 reiectionis.
782 5101 864 5175 Quod
916 5102 1110 5159 'tabennenses
1129 5102 1279 5157 monachos
1291 5100 1444 5157 ebremata
1462 5097 1586 5154 meminit
1599 5098 1710 5179 Elbe-

98 5174 179 5233 ffiem
203 5174 403 5231 documentum
427 5174 510 5229 etiam
532 5173 594 5229 alibi
621 5174 738 5229 collocat
760 5178 866 5230 Auctor
917 5188 1061 5245 ronymus.
1085 5173 1113 5229 in
1130 5171 1291 5244 praelatione
1310 5171 1424 5243 Regula
1449 5170 1478 5225 S.
1502 5168 1653 5233 Pachomii,
1674 5166 1716 5224 lut

61 5190 251 5305 &monita
322 5244 433 5303 ectioris
444 5244 597 5311 sirmundo
612 5243 695 5319 hujus
709 5242 760 5300 loci
774 5242 865 5300 ambi·
919 5244 1028 5300 verbis:
1045 5241 1600 5315 uiuet-adoperametmatoodaatoetm
1616 5238 1715 5322 bebdo-

64 5317 156 5391 ysitus
177 5316 341 5373 illustratur.
361 5317 458 5384 lpitttr,
475 5316 562 5387 inquit
573 5317 647 5382 (liu.
664 5329 683 5370 v
699 5330 720 5370 c.
734 5319 795 5381 20),
809 5330 866 5370 mo-
919 5315 1063 5371 surdarum
1073 5318 1221 5371 minuma
1231 5317 1286 5371 sibi
1294 5314 1438 5371 mmoedaut
1478 5312 1629 5368 rordinem.
1641 5312 1677 5365 Et
1687 5325 1717 5365 ιιι

63 5390 165 5445 mmm
189 5389 228 5444 ad
303 5402 352 5442 aas
375 5389 540 5442 intentorum
559 5388 732 5442 certaminum
758 5388 867 5455 cripiens
920 5386 1078 5458 epistolabt
1092 5387 1126 5444 de
1140 5385 1427 5458 monaelrisAEgyptiis
1449 5398 1555 5455 oquens
1568 5400 1575 5438 :
1589 5385 1719 5453 uunqua-

63 5462 218 5531 pernmire,
294 5460 457 5528 aunpmmis
470 5460 619 5513 cautionem
631 5458 737 5514 sibimet
751 5458 866 5521 indicat,
921 5474 982 5529 que,
1001 5458 1222 5529 inquit,decuria
1239 5461 1480 5527 cummoparmte
1492 5454 1719 5526 perpitadmea·

66 5534 99 5587 ati
109 5546 165 5586 nou
172 5535 254 5602 potus
262 5529 423 5601 quidquam,
435 5544 489 5583 aon
501 5543 560 5584 esus
569 5529 626 5583 ulla
640 5530 811 5585 oblectatione
824 5529 869 5583 de-
922 5545 997 5595 sam;
1009 5531 1107 5600 quibus
1117 5545 1168 5600 per
1180 5530 1303 5600 mirqulas
1317 5526 1498 5583 hebdomadas
1506 5528 1624 5582 amusim
1636 5525 1719 5580 mini·

64 5602 152 5659 riwes
172 5606 237 5657 unte
249 5602 390 5656 stabortem
408 5600 555 5668 legitimam
574 5601 867 5670 communemquerefe-
923 5606 1022 5656 strunt.
1044 5600 1171 5657 Similiter
1192 5603 1227 5655 l).
1251 5599 1415 5656 Benedictus
1434 5614 1493 5670 cap.
1514 5603 1550 5654 85
1573 5598 1717 5658 :Fratrem

63 5672 370 5735 domimumeatra
378 5672 870 5742 meiuampercipereeibimetprorsus
924 5672 1026 5743 inquit,
1040 5673 1094 5728 sibi
1106 5675 1217 5728 inumera
1239 5673 1439 5735 semianimes
1455 5670 1528 5725 alluta
1546 5671 1719 5724 causatore

64 5742 209 5813 wamma
222 5761 232 5799 c
248 5743 297 5800 sed
305 5758 340 5799 ne
349 5744 491 5810 retectione
502 5742 608 5812 quidem
620 5746 769 5807 trorumta,
782 5744 821 5797 ta
829 5742 871 5801 bis
923 5746 1044 5813 coquina
1057 5745 1156 5814 ammo,
1167 5746 1224 5799 atsi
1231 5747 1279 5799 out
1291 5741 1520 5813 oprttuamemut
1529 5741 1721 5815 mommore-
1757 5730 1820 5784 Ι

17 5808 27 5829 ”
63 5812 872 5887 prasumeeuotquanmtumoumquepemtttatuucmrur·
925 5815 965 5870 cis
976 5815 1104 5872 utilitatis
1115 5818 1175 5886 quis
1187 5822 1330 5887 occupatus
1342 5815 1438 5882 suerit,
1451 5807 1721 5881 qraiaeaiudemmar
