3848 6158
103 217 138 270 57
572 212 617 266 DE
635 211 874 271 COEh'OsslORUH
893 215 1084 272 INSTITUTlS
1105 217 1298 274 PRAEFATIO.
1730 225 1765 280 58

103 353 182 396 mum
206 337 278 404 dico,
299 335 419 408 aliosque
438 336 596 404 nonnullos,
618 341 630 369 ⁸
650 352 768 409 quorum
789 339 909 396 anterior
923 344 950 407 Α
963 339 1125 398 humilitatis
1150 341 1298 413 exemplar,
1323 341 1377 399 tuis
1402 343 1526 415 precihus
1550 345 1696 415 animatus,
1722 362 1765 404 se-

102 431 305 490 sciscitantibus
321 429 453 488 fratribus
477 446 559 504 super
584 431 697 488 dirersis
717 431 846 490 institutis
866 433 907 492 rel

103 525 305 600 quaestionibus
317 541 375 583 non
389 526 479 583 solum
493 523 621 595 facundo,
635 527 824 584 verumetiam
837 528 907 586 divi·

102 637 203 679 narum
227 621 432 692 seripturarum
459 619 624 676 testimoniis
647 620 758 692 copioso
779 637 907 679 sermone

101 713 247 788 respondit
268 732 276 770 :
298 707 313 747 Ι
334 715 412 771 Alius
431 728 494 770 rero
511 728 567 770 non
587 713 677 770 solum
693 729 743 771 suo
763 714 908 773 elucubra-

102 817 148 866 tos
162 807 271 881 ingenio
286 807 370 864 edidit
383 807 478 872 libros,
493 807 687 864 verumetiam
706 809 804 866 Graeca
817 809 907 884 lingua

100 903 233 977 digestos,
249 901 277 957 in
295 901 425 957 Latinum
439 901 521 959 vertit
535 901 673 975 eloquium
692 923 698 957 :
714 911 776 975 post
788 919 905 975 quorum

103 1004 161 1055 tam
182 995 359 1052 exuberantia
380 995 544 1067 eloquentiae
565 994 689 1063 flumina,
716 1010 827 1067 possem
850 1012 906 1054 non

102 1090 242 1148 immerito
259 1088 483 1163 praesnmptionis
498 1087 599 1158 notari,
621 1087 642 1143 si
661 1087 762 1160 aliquid
779 1089 905 1146 stillicidii

101 1185 183 1257 hujus
196 1183 297 1243 inferre
311 1192 477 1253 tentassem,
492 1182 543 1239 uisi
560 1196 605 1238 me
619 1180 653 1238 ad
668 1181 728 1238 haec
742 1181 840 1239 fiducia
850 1192 906 1242 tuae

103 1279 256 1336 sanctitatis
276 1278 420 1347 animaret,
443 1286 472 1335 et
491 1266 614 1350 sponso,
633 1275 707 1349 quod
730 1277 771 1334 vel
792 1277 840 1334 tibi
861 1278 905 1337 hes

101 1387 187 1444 nugae
207 1370 297 1428 forent
318 1378 436 1443 acceptae
456 1370 671 1442 qualescumque
700 1364 772 1438 sint,
797 1371 837 1428 vel
861 1387 907 1428 eas

103 1465 308 1538 congregationi
330 1464 446 1522 fratrum
468 1465 496 1519 in
516 1462 624 1520 novello
638 1472 746 1520 tantum
765 1474 907 1522 monaste-

961 432 1083 491 cuudum
1107 434 1176 491 vires
1196 434 1292 510 ingenii
1313 437 1366 492 mei
1391 452 1459 508 opus
1478 437 1553 510 quod
1572 438 1688 511 iniungis
1713 455 1761 513 ag·

961 527 1078 600 grediar,
1091 536 1119 587 et
1131 544 1162 595 ea
1178 545 1238 601 quea
1252 530 1417 588 omnimodis
1430 531 1530 588 intecta
1544 531 1636 588 relicta
1648 541 1713 589 srmt
1726 534 1761 591 ab

961 621 1142 679 anterioribus
1155 624 1266 690 nostris,
1286 632 1380 698 utpote
1396 626 1442 698 qui
1462 626 1553 682 audita
1569 615 1658 700 potius
1677 642 1761 699 quam

960 725 1070 787 experta
1101 716 1253 774 describere
1275 726 1461 789 tentaverunt,
1483 719 1557 777 velut
1578 720 1639 777 rudi
1663 737 1760 778 mona·

960 807 1043 865 sterio
1062 816 1090 865 et
1111 810 1253 867 veritatem
1270 811 1422 868 sitientibus
1443 811 1585 870 intimabo.
1603 815 1659 869 Nec
1680 815 1763 886 plane

961 902 1127 959 mirabilium
1148 905 1212 971 Dei,
1227 904 1423 978 signorumque
1443 907 1626 963 narrationem
1640 908 1758 965 studebo

961 1004 1106 1053 contexere
1122 1015 1128 1050 ι
1145 1010 1206 1067 quee
1218 997 1343 1068 quamvis
1357 998 1444 1054 multa
1458 1015 1507 1070 per
1519 999 1640 1056 seniores
1651 1009 1761 1057 nostros

961 1097 989 1144 et
1003 1087 1168 1145 incredibilia
1186 1103 1243 1145 non
1260 1090 1349 1145 solum
1364 1088 1540 1158 audierimus,
1559 1107 1658 1147 rerum
1678 1093 1760 1149 etiam

959 1183 1009 1241 sub
1020 1182 1163 1240 obtutibus
1175 1183 1277 1240 uostris
1289 1185 1507 1256 perspexerimus
1518 1185 1629 1257 impleta
1646 1208 1652 1241 :
1667 1196 1760 1244 tamen

960 1277 1003 1334 his
1027 1278 1155 1335 omnibus
1176 1278 1376 1350 praetermissis,
1401 1293 1462 1351 quae
1484 1279 1636 1351 legentibus
1662 1289 1763 1351 praeter

959 1369 1168 1428 admirationem
1193 1372 1258 1427 nihil
1278 1372 1395 1444 amplius
1413 1371 1446 1429 ad
1470 1373 1676 1429 instructionem
1695 1389 1758 1446 per·

959 1462 1039 1522 fectae
1053 1467 1113 1521 vitae
1129 1465 1286 1535 conferunt,
1299 1466 1420 1522 instituta
1435 1481 1532 1522 eorum
1551 1467 1756 1537 tantummodo,

102 1561 144 1615 rio
165 1559 396 1616 commorantium
419 1558 574 1631 deputares.
599 1557 651 1629 Qui
672 1558 694 1614 si
717 1558 781 1631 quid
797 1575 811 1615 a
827 1560 905 1617 nobis
958 1574 990 1615 ac
1002 1561 1230 1617 monasteriorum
1249 1562 1367 1634 regulas,
1380 1563 1551 1633 maximeque
1566 1563 1755 1634 principalium

103 1653 196 1710 minus
206 1652 321 1709 forsitan
334 1663 413 1711 caute
425 1653 563 1724 prolatum
574 1651 666 1720 fuerit,
678 1661 706 1709 et
720 1654 762 1725 pie
774 1655 904 1727 relegant,
959 1652 1098 1722 uitiorum,
1117 1668 1178 1724 quae
1197 1662 1260 1711 octo
1279 1654 1368 1710 abeis
1386 1653 1573 1726 designantur,
1595 1654 1713 1726 origines
1731 1661 1760 1710 et

104 1755 209 1803 etcum
228 1747 306 1803 senia
320 1745 519 1819 indulgentiore
538 1753 702 1812 sustentent,
716 1746 797 1802 iidem
814 1747 904 1818 potius
919 1718 943 1780 Β
959 1759 1065 1812 causas,
1082 1747 1290 1817 curationesque
1304 1746 1453 1803 secundum
1469 1746 1630 1803 traditiones
1647 1763 1755 1814 eorum,
1847 1762 1850 1769 ⁴

103 1841 158 1897 mei
175 1841 319 1908 sermonis,
334 1857 415 1912 quam
429 1848 599 1897 venustatem
612 1839 711 1912 eloquii
724 1839 901 1912 requirentes.
957 1847 1090 1911 quantum
1106 1840 1226 1895 Domino
1237 1840 1382 1912 adjurante
1397 1851 1522 1913 potuero,
1539 1841 1656 1897 fideliter
1670 1842 1755 1912 expli·

103 1932 287 2005 Quapropter,
309 1933 464 1991 beatissime
485 1949 565 2007 papa,
586 1933 701 1990 unicum
719 1933 858 2007 religionis
877 1942 905 1991 et
958 1951 1019 1992 care
1046 1936 1220 1992 contendam.
1245 1937 1420 2009 Propositum
1448 1937 1583 2008 siquidem
1611 1937 1677 1993 mibi
1705 1946 1759 2007 est,

650 2087 777 2142 autaut
796 2087 909 2144 uazAEl
927 2088 1207 2146 COMMENTARIUS.

142 2233 154 2262 ⁸
178 2233 256 2284 Duos
268 2228 434 2284 clarissimos
452 2227 579 2284 Ecclesiae
596 2226 725 2283 doctores
743 2228 905 2286 nominatim
959 2230 1002 2286 chi
1016 2230 1183 2287 institutione
1198 2230 1362 2287 inscribitur.

105 2300 254 2371 expressit,
267 2299 399 2354 Basillum
419 2307 446 2354 et
459 2298 666 2424 Hieronymum,
686 2300 730 2370 qui
747 2300 826 2370 paulo
840 2310 903 2358 aute
993 2301 1077 2372 Epist.
1091 2302 1217 2372 vigesima
1228 2302 1359 2368 secunda,
1370 2301 1404 2358 ad
1417 2300 1613 2357 Eusthochiunr
1622 2299 1753 2372 virginem

102 2370 169 2440 ejus
188 2378 294 2425 aetatem
314 2369 464 2424 floruerunt
485 2378 534 2424 :et
552 2369 594 2425 ile
614 2369 724 2441 quidem
739 2371 765 2425 in
780 2373 900 2440 Oriente,
957 2383 986 2428 et
1003 2372 1249 2441 sanctimonialem,
1272 2373 1318 2428 ubi
1342 2373 1542 2428 monachorum
1565 2373 1756 2444 AEgyptiorum

101 2439 148 2496 hic
162 2440 188 2495 iu
203 2439 359 2506 Occidente,
374 2438 571 2496 monachorum
587 2440 740 2498 institutum
758 2451 785 2497 et
798 2441 902 2514 scriptis
955 2444 1006 2499 tria
1030 2460 1128 2515 genera
1148 2452 1284 2513 recenset,
1308 2452 1335 2499 et
1355 2459 1452 2500 eorum
1472 2457 1565 2499 mores
1583 2453 1610 2499 et
1631 2443 1755 2498 instituta

102 2519 131 2567 et
151 2509 228 2566 factis
248 2508 361 2565 mirifice
382 2509 552 2567 illustrarunt
573 2520 601 2567 et
622 2527 704 2583 propa
724 2520 812 2567 arunt.
834 2516 902 2581 01ιο-
955 2524 1071 2571 enarrat.

103 2598 176 2644 rom,
191 2581 288 2663 inquit,
302 2584 432 2662 natator,
451 2590 561 2638 sanctus
576 2529 827 2641 videlicetEasilins
842 2586 900 2640 Ma·
991 2585 1078 2657 Epist.
1097 2585 1224 2654 vigesima
1237 2586 1364 2656 septima,
1377 2583 1411 2640 ad
1422 2583 1547 2640 eamdem
1562 2583 1755 2652 Eustochium,

102 2668 184 2724 gnus,
198 2651 415 2724 archiepiscopus
429 2653 600 2709 &mensis
617 2653 645 2709 iu
660 2655 841 2726 Cappadocia,
864 2658 899 2710 D.
956 2656 1001 2712 ubi
1019 2657 1101 2712 vitam
1115 2658 1208 2713 Paulae
1224 2657 1317 2711 matris
1339 2655 1407 2724 e'us,
1424 2656 1566 2711 sanctitate
1584 2664 1612 2710 et
1625 2656 1754 2722 religione

102 2723 274 2794 Hieronymo
294 2725 423 2787 antenor,
445 2723 500 2780 sire
519 2724 663 2797 autequior
682 2746 688 2781 :
710 2726 762 2781 sub
779 2726 902 2782 Valentis
956 2728 1075 2800 plenam,
1095 2727 1235 2795 describit,
1255 2736 1284 2783 et
1302 2743 1349 2782 mu
1361 2735 1388 2781 ta
1404 2725 1438 2782 de
1456 2724 1621 2782 monialibus
1634 2742 1665 2782 ea
1679 2725 1754 2782 insti·

103 2794 176 2850 enim
188 2794 302 2865 imperio
316 2793 419 2863 homil,
433 2801 461 2849 et
471 2795 523 2851 sub
537 2796 669 2852 Gratiano
683 2795 760 2863 obiit,
774 2804 805 2851 ut
818 2804 901 2851 testa·
958 2798 1021 2853 tutis
1035 2798 1126 2854 tradit.

90 2865 233 2921 >turidem
248 2865 432 2937 Hieronymus
443 2865 469 2920 in
483 2866 529 2922 lib.
550 2866 694 2938 descript.
709 2868 812 2923 Ecclrs.
828 2870 903 2922 luter
993 2869 1078 2940 Epist.
1098 2869 1304 2940 quadragesima
1318 2866 1443 2937 septima,
1462 2867 1507 2922 ubi
1524 2866 1655 2921 nonnulla
1672 2866 1755 2922 etiam

102 2937 162 3007 ejus
171 2936 299 3007 praeclara
312 2951 393 3006 opera
401 2945 508 2993 exstant
519 2939 701 3010 Regulam-seu
714 2938 902 2995 institutiones
956 2938 1077 3012 devoto,
1091 2949 1202 2995 tonsura
1216 2948 1240 2994 et
1258 2939 1383 2994 clausura
1396 2937 1564 2991 monialium.

103 3007 263 3062 monasticae
272 3006 646 3080 duplicisgeneris3namaliae
655 3009 738 3064 fusius
747 3008 901 3080 disputatae,
994 3011 1065 3067 Vitae
1087 3013 1261 3066 eremitarum
1283 3008 1369 3073 Pauli,
1390 3016 1418 3064 et
1431 3007 1588 3071 Hilarionis,
1611 3012 1639 3060 et
1655 3004 1757 3061 hlalchi

103 3077 163 3134 aliae
176 3078 314 3134 brer-iores
333 3086 362 3135 et
378 3080 542 3150 compendio
561 3080 701 3152 explicatae
718 3080 859 3148 dicuntury
875 3090 903 3137 et
956 3082 1081 3137 monachi
1097 3083 1193 3153 captivi
1214 3082 1301 3152 plenae
1319 3086 1383 3136 sunt
1407 3078 1517 3151 optimis
1537 3076 1710 3133 documentis
1729 3085 1757 3132 et

103 3147 130 3203 in
140 3149 276 3220 ustrisque
287 3149 369 3205 rariae
380 3149 555 3222 quaestiones,
568 3151 603 3206 de
613 3150 736 3207 rebusad
748 3151 830 3206 vitam
843 3166 903 3207 mo·
955 3153 1146 3209 instrumentis
1160 3153 1370 3209 monachorum.

103 3220 238 3275 nasticam
265 3229 292 3277 et
317 3218 468 3293 perfectam
494 3221 692 3293 pertinentibus
717 3237 732 3277 a
762 3223 904 3279 monachis
995 3227 1073 3279 Tomo
1096 3225 1219 3280 saroardo.
1238 3252 1274 3265 -
1297 3224 1381 3277 Liber
1402 3221 1506 3293 primus
1526 3226 1621 3276 contra
1639 3217 1759 3274 Jorinia-

102 3299 307 3371 proponuntur,
317 3292 412 3417 puibus
423 3292 560 3362 sigillatim
572 3293 762 3363 respondetD.
777 3292 901 3348 Basilius.
958 3310 1024 3350 num
1044 3314 1050 3348 ι
1073 3296 1220 3350 ubimulta
1240 3294 1274 3351 de
1292 3293 1447 3351 excellentia
1461 3291 1595 3349 castitatis
1616 3298 1644 3346 et
1666 3288 1757 3362 ligini-

103 3364 148 3418 Ex
182 3361 360 3418 rroribusilis
372 3362 486 3419 collecta
501 3362 606 3419 videtur
620 3361 723 3435 llegula
738 3365 772 3416 D.
786 3363 904 3419 Basiliia
957 3365 1088 3436 tatisprae
1103 3364 1287 3421 matrimonio.

102 3376 210 3489 Roffno
230 3434 371 3490 Latinitate
392 3434 504 3502 donata,
525 3434 566 3490 vel
590 3433 680 3504 potius
701 3433 905 3505 paraphrastice
995 3437 1076 3490 Liber
1085 3436 1220 3492 secundus
1231 3435 1281 3491 sub
1292 3434 1375 3490 finem
1385 3433 1515 3490 nonnulla
1527 3432 1611 3488 hahet
1619 3430 1652 3487 de
1664 3430 1757 3488 officio

103 3503 242 3575 exposita,
258 3504 350 3560 multis
364 3504 491 3562 detractis
505 3512 532 3561 et
545 3504 655 3561 mutatis
672 3520 753 3577 :quaa
768 3505 847 3579 vulgo
860 3505 903 3561 in·
921 3513 943 3577 c
960 3507 1096 3570 monachi,
1114 3517 1141 3563 et
1155 3508 1233 3563 laude
1251 3506 1346 3563 eremi.

102 3584 147 3631 ter
164 3583 283 3646 quatuor
296 3577 414 3650 Regulas
428 3577 474 3633 SS.
495 3578 606 3631 Patrum
624 3575 658 3630 ab
671 3576 815 3632 Ecclesiae
835 3592 901 3660 pro·
997 3581 1075 3633 Tomo
1087 3581 1174 3634 tertio.
1188 3608 1225 3620 -
1238 3579 1322 3649 Epist.
1338 3576 1483 3632 centesima
1496 3575 1585 3642 tertia,
1605 3573 1651 3628 ubi
1667 3571 1757 3628 Pauli·

101 3646 182 3702 batas
195 3646 390 3703 circumfertur
404 3667 410 3701 :
423 3647 501 3719 cujus
514 3655 542 3703 et
555 3646 679 3702 meminit
690 3648 725 3700 D.
742 3593 904 3704 Denegrctus
936 3659 941 3670 ·
957 3664 1023 3705 num
1045 3649 1072 3703 in
1092 3650 1257 3705 dimittendis
1281 3657 1308 3704 et
1327 3646 1507 3704 distrahendis
1529 3661 1578 3716 pro
1593 3644 1701 3700 Christo
1717 3643 1758 3698 fa·

101 3725 228 3773 extremo
240 3733 300 3790 cap.
318 3733 374 3774 suee
387 3719 500 3783 Regulee
516 3738 522 3773 ε
539 3733 642 3774 necnon
655 3718 768 3789 septima
782 3719 905 3792 synodus
957 3721 1102 3776 cultatibus
1117 3719 1277 3789 tardiorem,
1294 3728 1321 3775 et
1342 3718 1440 3774 indies
1458 3716 1713 3790 procrastinantem,
1726 3721 1757 3768 ut

101 3798 131 3845 et
148 3789 328 3844 Innocentius
343 3787 477 3845 secundus
496 3789 617 3861 pontifex
634 3804 649 3844 a
668 3790 797 3846 Gratiano
818 3790 901 3846 citati.
957 3791 991 3847 ad
1004 3790 1143 3846 Christum
1160 3792 1265 3848 nudum
1283 3789 1372 3847 nudus
1385 3791 1485 3858 evolet,
1502 3788 1676 3843 vehementer
1689 3786 1757 3839 hor-

102 3858 161 3916 Sub
173 3860 278 3942 Regula
291 3860 356 3916 item
369 3860 459 3916 Basilii
472 3875 567 3916 omues
579 3859 677 3929 Graeci,
690 3876 739 3917 seu
752 3860 904 3918 orientales
957 3870 1040 3918 tatur.

101 3932 233 3987 monachi
248 3931 366 3988 militare
381 3931 517 3987 dicuntur.

139 3996 154 4034 ³
181 4004 209 4058 S.
236 4003 422 4074 Hieronymus
447 4003 589 4075 presbyter
611 4009 637 4057 ot
658 4001 787 4057 Ecclesiae
806 4001 903 4058 doctor

102 4073 258 4155 praecipuus
278 4074 404 4142 florebat,
421 4081 448 4129 et
467 4072 604 4128 scribebat
619 4087 690 4127 anno
709 4077 738 4126 lt
755 4072 900 4127 Theodosii

103 4159 218 4215 imper„
238 4153 269 4200 ut
285 4146 400 4216 ipsemet
417 4152 532 4201 testatur
554 4144 581 4199 in
600 4143 670 4198 libro
687 4141 732 4197 illo
754 4141 787 4197 de
806 4143 903 4213 Script.

104 4216 213 4271 Eccles.
233 4224 375 4271 extremo:
392 4223 419 4271 et
435 4215 501 4271 obiit
514 4215 638 4270 Honorio
657 4214 815 4284 imperante,
834 4227 906 4269 anno

104 4290 190 4343 Dom.
212 4292 266 4343 422
285 4286 434 4343 secundum
452 4286 579 4358 Prosperi
597 4285 769 4352 Chronicon,
792 4283 831 4340 uel
853 4289 906 4340 420

103 4357 258 4414 secundum
270 4357 378 4414 Daronii
390 4357 564 4414 seutentiam.
578 4356 643 4439 Ey'us
655 4355 752 4427 scripta
767 4364 826 4412 toto
839 4357 906 4412 orbe

104 4428 268 4498 clarissima,
283 4428 382 4501 partim
396 4428 506 4501 proprio
525 4428 583 4500 ejus
603 4427 720 4509 tagenio,
737 4435 768 4483 ut
784 4427 828 4482 hic
839 4426 906 4483 dici·

103 4508 161 4562 tur,
175 4508 336 4572 exprompta
351 4509 378 4555 et
391 4499 557 4566 elucubrata,
566 4508 669 4626 yarhm
682 4498 806 4554 eGraeco
821 4506 906 4554 hans

102 4571 175 4638 lata,
197 4571 285 4627 multa
305 4571 447 4627 continent
468 4585 565 4641 quaea
604 4568 804 4625 monachonrm
831 4570 907 4624 insti·

103 4641 241 4698 tutionem
263 4649 386 4713 spectant
406 4661 412 4695 :
431 4657 549 4713 quorum
569 4640 725 4703 elenchum,
745 4654 799 4711 quo
819 4639 905 4697 lecto·

103 4713 143 4768 ris
169 4712 263 4770 studio
285 4720 313 4769 et
338 4711 458 4770 facilitati
477 4712 631 4780 consulam,
653 4711 772 4766 breviter
796 4711 840 4767 hic
864 4711 907 4767 in·

102 4783 213 4840 dicabo.

143 4858 174 4911 la
185 4857 361 4926 tmaoprimo.
374 4885 411 4897 -
421 4853 543 4928 Epistola
553 4854 650 4980 yrima,
668 4853 701 4908 ad
715 4852 906 4922 Heliodorum,
922 4883 948 4946 D

103 4942 162 4999 qua
175 4941 239 4982 euru
252 4925 288 4981 ad
300 4924 448 4982 solitariam
460 4926 542 4982 vitam
574 4934 688 4981 ematur.
804 4976 806 4981 .

142 4997 231 5070 Epist.
252 4997 387 5066 secunda,
406 4997 439 5053 ad
457 4997 656 5070 Nepotianum,
676 4995 710 5052 de
725 4994 779 5050 rita
800 4994 910 5050 clerico·

103 5084 169 5125 rum
186 5089 193 5124 :
211 5067 356 5125 ubimulta
370 5069 452 5125 etiam
470 5068 504 5125 ad
518 5067 716 5125 monachorum
728 5074 830 5123 statum
849 5081 909 5140 per·

103 5140 221 5196 tinentia
234 5139 386 5196 luculenter
399 5140 519 5212 exponit.
823 5144 833 5161 ¹

142 5211 231 5284 Epist.
252 5210 346 5277 tertia,
364 5211 410 5268 ubi
428 5209 580 5269 monachos
595 5207 731 5282 quosdam
747 5208 846 5266 divitiis
862 5207 904 5264 in·

103 5282 214 5339 hiantes
226 5283 391 5355 perstringit.
839 5349 846 5361 .
888 5349 894 5363 .

141 5353 232 5410 Eist.
256 5361 363 5424 quarta,
382 5353 417 5411 ad
438 5352 583 5412 Rusticum
607 5350 783 5416 monachum,
803 5366 846 5406 cur
870 5365 908 5405 u-

105 5371 330 5552 ἱωὲᾟΙοωιεω
352 5426 506 5498 prescribit,
530 5433 557 5480 et
580 5423 637 5479 reri
662 5421 787 5478 monachi
808 5436 909 5477 munos

126 5512 194 5554 esen
215 5506 247 5553 lt.

145 5569 230 5641 Epist.
253 5573 359 5635 octava,
374 5567 409 5625 ad
422 5564 635 5631 Demetriadem,
655 5564 689 5621 de
707 5561 838 5619 servanda
855 5562 910 5618 rir-

110 5639 229 5722 ginitate,
246 5654 309 5712 quae
330 5638 473 5697 monacbis
487 5645 516 5694 et
532 5636 696 5694 monialibus
710 5635 828 5692 maxime
843 5649 910 5691 con·

108 5719 190 5784 grue.

143 5782 233 5856 Epist.
248 5780 355 5841 decima
368 5780 458 5850 tertia,
477 5779 512 5840 ad
523 5778 678 5851 Paulinum,
695 5793 757 5852 quae
769 5778 803 5836 de
817 5790 911 5834 mona·

995 3937 1073 3988 Tomo
1092 3938 1199 4003 quarto.
1219 3963 1256 3974 —
1273 3930 1404 3988 Videatur
1420 3931 1479 4002 ejus
1494 3926 1708 4006 commentarius
1726 3925 1755 3981 in

957 4003 1022 4059 illud
1032 4005 1194 4061 Hieremia:
1207 4009 1309 4061 Donum
1319 4005 1424 4057 estriro
1433 4017 1492 4056 cum
1500 4002 1757 4070 portooorttprpam

960 4076 994 4128 ob
1005 4075 1183 4129 orlolescentio
1195 4091 1245 4129 suo
1258 4075 1366 4138 (Thrcn.
1381 4073 1440 4139 ΙΙΙ).
1452 4072 1505 4127 Ubi
1519 4070 1697 4148 conferuntur
1706 4081 1761 4147 eoe·

959 4145 1062 4267 nohiftae
1074 4160 1137 4200 cum
1149 4143 1330 4208 anachoretis,
1343 4151 1369 4196 et
1381 4143 1435 4196 vita
1447 4139 1654 4208 contemplatura
1665 4143 1758 4192 aohrae

960 4230 1017 4287 prae
1031 4222 1114 4269 ertur.

954 4293 956 4296 ’
996 4287 1063 4340 Hace
1078 4292 1142 4339 suut
1157 4282 1290 4356 praecipua
1304 4280 1361 4338 loca
1378 4285 1411 4337 D.
1429 4278 1600 4352 hieronymi,
1612 4278 1711 4350 quibus
1724 4277 1758 4334 de

960 4354 1103 4411 monachis
1119 4363 1146 4411 et
1167 4354 1364 4409 monachorum
1382 4351 1512 4408 institutis
1533 4352 1631 4424 agitur,
1653 4349 1681 4405 iu
1700 4351 1761 4422 ejus

961 4427 1087 4500 operibus
1101 4426 1215 4498 propriis
1228 4434 1255 4480 et
1270 4425 1418 4552 germanis.
1483 4491 1489 4503 ·
1599 4492 1605 4505 .
1717 4491 1723 4502 ι

996 4501 1026 4554 ln
1041 4498 1072 4554 iis
1087 4514 1150 4554 vero
1163 4512 1224 4569 qaae
1243 4513 1257 4551 a
1298 4497 1374 4552 raecis
1387 4492 1542 4551 auctoribus
1554 4500 1651 4562 scripta
1663 4493 1759 4547 latine

958 4568 1085 4637 reddidit,
1110 4582 1226 4640 quorum
1253 4575 1349 4624 auctor
1371 4569 1452 4623 etiam
1475 4563 1518 4619 hic
1542 4565 1679 4631 meminit,
1702 4577 1759 4645 notu

961 4640 1033 4697 aliud
1053 4642 1159 4711 reperio
1178 4638 1251 4710 quod
1270 4638 1304 4695 ad
1322 4636 1504 4693 monasticum
1521 4634 1674 4692 institutum
1696 4640 1760 4688 attr-

960 4721 1033 4778 neat,
1054 4712 1105 4767 nisi
1127 4712 1207 4767 vitam
1227 4712 1255 4765 S.
1279 4710 1389 4765 Antonii
1412 4723 1427 4762 a
1449 4707 1478 4762 S.
1495 4706 1643 4762 Athanasio
1661 4705 1760 4760 Graece

963 4783 1103 4854 scriptam,
1119 4791 1193 4838 etex
1210 4781 1317 4836 Baronii
1339 4779 1471 4835 sententia
1492 4782 1603 4857 (Boron.
1620 4781 1684 4830 tom.
1706 4774 1760 4854 ΙΙΙ.

963 4856 1018 4910 Aa.
1031 4860 1092 4910 358.
1104 4853 1319 4921 etrssnnlortprot.
1333 4856 1365 4905 17
1376 4850 1522 4914 Joarcorai'y,
1534 4855 1616 4901 etrum
1628 4860 1642 4897 a
1652 4847 1685 4897 D.
1699 4845 1761 4924 ¹¹¹⁶:

962 4939 1079 4994 ronymo
1089 4926 1185 4979 Latine
1198 4922 1359 4977 translatam
1374 4941 1380 4976 :
1394 4928 1421 4974 et
1433 4917 1564 4985 hegulam
1577 4918 1605 4971 S.
1621 4913 1760 4997 Doclromn

962 4995 1077 5057 abbatis,
1096 5010 1177 5065 quam
1192 4992 1255 5047 huic
1274 4993 1359 5063 operi,
1380 4994 1438 5044 Deo
1453 4987 1570 5054 favente,
1591 4999 1761 5055 superemus,

962 5065 1070 5121 scholiis
1084 5074 1110 5119 et
1124 5066 1196 5119 notis
1209 5062 1392 5117 elucidatam:
1409 5074 1490 5130 quam
1504 5058 1561 5130 ipse
1575 5061 1611 5113 D.
1622 5058 1760 5129 Hierony-

963 5151 1024 5191 mus
1038 5137 1160 5192 eGrecco
1174 5135 1200 5188 in
1215 5133 1344 5188 Latinum
1356 5145 1511 5187 sermonem
1526 5145 1541 5185 a
1554 5145 1583 5186 se
1597 5143 1761 5185 conversam

963 5215 1081 5263 testatur
1093 5207 1119 5263 in
1135 5205 1294 5279 praefatione
1308 5203 1394 5260 eidem
1406 5203 1518 5276 Regulae
1531 5202 1651 5273 praefixa.
1664 5202 1761 5256 Fertur

964 5279 1074 5350 quidem
1088 5277 1139 5335 sub
1151 5277 1261 5333 nomine
1274 5279 1310 5331 D.
1326 5274 1485 5347 Hieronymi
1499 5272 1601 5346 Regula
1612 5270 1766 5352 monacho-

963 5365 1025 5406 rum
1040 5369 1046 5403 :
1062 5350 1180 5421 itemque
1191 5348 1242 5404 alia
1258 5346 1361 5421 Regula
1373 5345 1580 5412 monacharum,
1593 5343 1648 5399 sire
1658 5357 1760 5397 monta·

963 5421 1040 5476 lium.
1062 5424 1165 5478 Verum
1188 5419 1231 5475 illa
1252 5435 1308 5476 non
1329 5418 1364 5473 ab
1381 5419 1440 5490 ipso
1456 5418 1625 5487 Hieronymo
1644 5427 1760 5495 compo-

963 5492 1025 5561 sita,
1040 5492 1088 5550 sed
1106 5508 1139 5548 ex
1156 5490 1261 5562 scriptis
1276 5488 1400 5562 ejusdem
1414 5496 1540 5559 excerpta
1553 5494 1580 5541 et
1597 5485 1761 5557 compilata,

964 5578 1024 5634 quae
1039 5573 1067 5620 et
1084 5579 1099 5619 a
1117 5562 1235 5618 Martino
1252 5559 1386 5633 Vpoutii.
1406 5558 1490 5616 fertur
1508 5556 1654 5630 approbata
1676 5576 1682 5611 :
1701 5555 1765 5613 hac

964 5650 1028 5690 vero
1043 5651 1057 5690 a
1080 5633 1299 5706 prudentioribus
1313 5647 1327 5687 e
1344 5632 1466 5704 catalogo
1484 5644 1597 5702 operum
1610 5629 1644 5683 D.
1659 5628 1760 5708 Hiero-

963 5706 1038 5788 nymi
1056 5714 1200 5778 expuncta,
1219 5712 1246 5761 et
1264 5704 1293 5760 in
1307 5704 1437 5776 angulum
1456 5702 1568 5775 reiecta,
1584 5707 1615 5757 ut
1631 5713 1722 5771 spuria
1735 5703 1765 5751 et

964 5792 989 5833 er
1001 5776 1070 5834 falso
1084 5777 1210 5848 ascripta.
