3848 6158
127 272 178 328 sat

687 260 857 319 coemite
875 262 909 317 X.
927 292 964 303 -
982 262 1027 319 DE
1045 260 1233 319 untalons.

1735 268 1788 329 822

132 401 226 470 (quem
246 388 393 465 provinciae
405 388 480 446 illius
505 387 660 445 sacerdotes
674 385 715 442 rel
732 386 867 443 Dominici
882 386 930 443 ba·
945 391 971 455 Α
986 388 1066 461 longa
1080 386 1265 461 disputatione
1275 385 1414 457 disseruit,
1429 401 1545 459 eamque
1556 390 1668 461 copioso
1682 406 1789 449 sermo·

131 488 236 562 ptismi,
256 485 296 541 rel
318 483 471 541 secuudum
484 496 594 539 carnem
616 480 766 537 natiritatis
784 495 844 536 esse
862 479 930 537 deti-

130 583 218 647 uiant,
232 579 373 636 etidcirco
388 578 529 651 utriusque
544 575 705 633 sacramenti
730 574 932 631 solemnitatem

130 690 186 731 non
203 671 311 741 briaae,
333 680 363 728 ut
380 668 543 727 inocciduis
561 668 723 742 provinciis,
743 667 790 723 sed
811 666 865 723 suh
878 683 933 724 uua

130 769 186 826 diei
201 767 283 839 hirjus
297 764 442 822 festivitate
461 762 683 829 concelebrant),
708 761 829 840 epistplae
844 760 935 832 ponti·

131 860 192 917 licis
221 858 394 917 Alexandrini
425 873 473 930 per
494 857 633 913 universos
650 856 801 929 dirigantur
824 854 932 927 AEgvpti

133 955 278 1023 Ecclesias,
293 952 393 1024 quibus
409 951 514 1007 initium
530 950 751 1023 Quadragesimac
765 956 793 1005 et
806 948 864 1005 dies
879 951 933 1005 Po-

131 1047 204 1104 schro
218 1063 274 1102 non
287 1047 377 1103 solnm
392 1062 440 1118 per
459 1045 581 1103 cirinus
593 1061 702 1115 omnes,
716 1044 861 1102 sedetiam
884 1059 933 1117 per

132 1141 257 1201 universa
284 1139 447 1197 monasteria
470 1139 655 1213 designentur.
681 1138 837 1197 Secundum
858 1137 931 1195 hunc

131 1234 214 1308 igitur
223 1250 331 1291 morem
345 1242 407 1306 post
418 1231 476 1289 dics
484 1232 635 1290 admodum
648 1248 749 1302 paucos
759 1247 843 1304 quam
855 1246 934 1304 snpe-

131 1327 187 1383 rior
199 1344 263 1383 eum
275 1326 372 1382 abbate
383 1330 460 1381 Isaac
472 1325 561 1382 iuerat
570 1325 670 1398 agitata
685 1324 804 1393 collatio,
816 1334 828 1359 ⁵
841 1323 934 1380 Tlrec-

131 1420 197 1491 phili
211 1420 348 1492 praedictae
363 1420 437 1475 urbis
448 1420 566 1491 episcopi
578 1419 715 1475 solemnes
724 1418 845 1490 epistola
860 1434 934 1474 com·

131 1521 273 1579 mearrnrt,
286 1513 386 1585 quibus
396 1529 459 1569 cam
472 1512 677 1569 denuntiatione
696 1511 816 1584 paschali
837 1518 933 1567 contra

130 1605 249 1677 ineptam
278 1621 387 1677 quoque
408 1598 422 1637 '³
444 1603 790 1677 antirropomorphitarnm
805 1603 932 1660 baeresim

985 497 1020 538 ne
1028 480 1172 538 destruxit.
1187 481 1268 551 Quod
1279 488 1355 537 mnia
1367 488 1409 539 ost
1422 482 1603 539 amaritudine
1615 484 1649 539 ab
1661 486 1789 544 universo

986 572 1187 647 propemodum
1211 590 1309 647 genere
1332 574 1551 647 monachorum,
1568 578 1613 650 qui
1635 595 1683 651 per
1701 587 1789 637 totam

987 668 1155 740 provinciam
1180 670 1287 743 AEgypti
1311 669 1502 739 morabantur,
1530 688 1578 744 pro
1607 671 1790 745 simplicitatis

987 777 1078 818 errore
1090 770 1258 834 susceptum,
1274 770 1305 819 ut
1318 764 1472 821 econtrario
1485 767 1497 797 ⁶
1510 773 1696 823 memoratum
1722 782 1790 839 pon·
1870 812 1873 817 .

988 853 1089 911 tilieem
1118 856 1190 912 velut
1211 855 1308 913 haeresi
1336 856 1495 927 gravissima
1520 857 1711 930 depravatum,
1727 875 1790 932 pars
1864 902 1869 921 s

988 950 1108 1005 maxima
1120 949 1261 1005 seniorum
1278 948 1312 1005 ab
1334 951 1460 1007 uniuerso
1473 948 1647 1008 fraternitatis
1673 966 1790 1025 corpore
1859 984 1864 1013 ;

988 1042 1146 1099 decerneret
1168 1042 1375 1112 detestandam,
1406 1044 1479 1117 quod
1505 1045 1607 1102 scilicet
1629 1047 1791 1120 impugnare
1857 1096 1862 1112 ,.

987 1136 1133 1209 Scripturas
1145 1144 1245 1193 sanetae
1257 1138 1421 1193 sententiam
1433 1137 1581 1205 videretur,
1593 1156 1694 1212 negans
1705 1141 1790 1198 omni·
1857 1180 1863 1199 ι

988 1237 1127 1302 potentem
1144 1232 1233 1285 Deum
1257 1228 1388 1286 bumanae
1404 1230 1498 1302 hgurae
1520 1232 1718 1304 compositione
1729 1232 1790 1289 for·
1861 1274 1867 1295 -.

988 1331 1105 1390 nuatum,
1120 1338 1183 1378 cum
1196 1322 1229 1379 ad
1242 1323 1302 1395 ejus
1315 1323 1463 1395 imaginem
1478 1333 1603 1380 creatum
1620 1324 1706 1380 adam
1721 1326 1789 1383 Scri·

988 1427 1066 1489 ptura
1084 1414 1307 1473 manifestissime
1327 1424 1472 1474 testamiui
1494 1417 1597 1490 (denes.
1612 1421 1647 1485 ι).
1664 1420 1790 1493 Denique

988 1518 1015 1565 et
1027 1510 1061 1565 ab
1079 1510 1122 1567 his
1144 1512 1191 1583 qai
1217 1519 1295 1566 erant
1308 1511 1335 1567 in
1358 1526 1450 1567 eremo
1466 1510 1559 1583 Septiri
1573 1522 1788 1583 eonnaorantes,

989 1602 1089 1675 quique
1101 1601 1266 1674 perlectione
1279 1619 1313 1659 ac
1327 1603 1436 1659 scientia
1451 1604 1581 1660 omnibus
1594 1605 1640 1676 qui
1658 1614 1738 1662 crant
1761 1606 1789 1663 in

678 1738 807 1794 aLailiil
827 1739 939 1793 GaZAEl
959 1735 1238 1793 connexitatis.

133 1852 349 1910 orbisEcelcsias
364 1861 391 1908 et
402 1852 567 1909 monasteria
586 1852 750 1909 denuntiari.
767 1853 848 1924 Quod
865 1867 933 1922 qno·
947 1856 972 1919 Β
986 1852 1102 1917 stiterit,
1126 1850 1297 1907 Gennadius
1309 1852 1439 1909 Cassiano
1458 1854 1538 1925 plane
1560 1856 1731 1913 consentiens
1751 1858 1787 1915 ito

131 1924 216 1981 modo
230 1924 319 1989 lieret,
333 1923 452 1979 declarat
465 1925 599 1979 Baronins
612 1924 685 1980 hunc
697 1924 724 1979 in
744 1924 857 1979 modum
870 1925 934 1994 (Ubi
987 1923 1117 1992 exprimit
1127 1924 1175 1987 (lie
1185 1925 1243 1978 l'ir.
1254 1924 1341 1978 illast.
1352 1941 1411 1993 cup.
1423 1930 1483 1991 ati:
1497 1928 1655 1997 Theophilus
1665 1929 1789 1983 aleran-

130 2012 228 2066 supra.
241 2000 265 2049 et
291 1998 369 2049 Tamo
384 1997 419 2057 V,
431 2012 504 2049 uarro
526 1995 587 2066 399)
602 2014 610 2050 :
636 1998 744 2065 Cognito
756 1998 877 2066 primum
899 2012 933 2050 ca
986 1994 1076 2049 drirroe
1090 1997 1207 2049 ciuitatis
1220 1997 1357 2064 episcopans
1378 1999 1489 2066 scripsit
1501 1999 1630 2053 aduersas
1645 2002 1787 2069 tta-iperrcm

132 2065 933 2137 episcopialeacndrinilittcrisquotooanidiecelebrmuium
986 2070 1105 2120 arrrrmet
1118 2065 1222 2134 prurrde
1234 2067 1364 2129 columen,
1387 2076 1438 2123 ete.
1462 2070 1514 2125 Sed
1532 2074 1558 2125 et
1577 2071 1717 2125 oritarsum
1730 2072 1789 2127 Aa·

134 2137 421 2205 eucharistiaeque
437 2137 667 2207 apostolicaesedis
688 2140 793 2192 eramiae
811 2139 933 2194 omnibns
988 2138 1233 2207 thropomorphitas
1252 2138 1399 2200 haereticos,
1410 2140 1459 2207 pai
1473 2140 1659 2196 dicrantbenm
1671 2142 1788 2198 irremotae

134 2208 259 2264 Ecclesiis
269 2209 439 2277 promnlpoto
449 2223 525 2262 sarcre
541 2210 702 2279 Epiphanio
719 2208 764 2263 dic
779 2208 887 2263 diucmu'
903 2212 932 2263 r'n
986 2210 1075 2275 liparea
1095 2214 1121 2261 et
1141 2208 1265 2262 membris
1279 2212 1416 2272 coarctare,
1432 2210 1618 2279 disputatione
1632 2215 1787 2281 iorrpuuirna

134 2278 250 2346 siugulis
262 2279 460 2334 aeclesiisiuter
471 2294 548 2335 sumu
561 2282 708 2336 Messanam
724 2280 851 2334 solemnia
863 2296 932 2335 aaa·
989 2278 1046 2347 [al.
1067 2280 1232 2349 lonpissima]
1253 2280 1412 2347 eirrrsatuns,
1423 2286 1449 2335 ct
1459 2281 1615 2337 diei-auram
1633 2286 1789 2353 scriptaa-

132 2351 204 2404 tiare
217 2355 416 2406 cornuraerunt.
430 2352 496 2407 Cum
508 2367 567 2406 cero
574 2352 712 2421 paschalis
723 2352 836 2419 aristote
843 2354 933 2420 prium
988 2366 1049 2404 rum
1071 2353 1228 2405 testimoniis
1246 2366 1370 2419 arpams,
1385 2356 1411 2405 ct
1429 2355 1584 2409 cerreinceras
1599 2370 1652 2415 eos.
1672 2356 1788 2411 ostendit

131 2422 295 2475 corrsraercrit
312 2422 386 2473 mitti
397 2425 509 2477 hamum
527 2424 564 2477 ud
577 2425 652 2477 hom.
664 2424 827 2491 parrtr'ficem.
850 2439 867 2475 a
882 2438 933 2491 qao
987 2424 1071 2477 licam
1098 2423 1329 2491 incorruptibilem
1348 2426 1374 2475 et
1396 2424 1587 2493 incorporeum,
1598 2427 1682 2497 jocata
1705 2427 1786 2495 halem

131 2492 243 2560 reliquae
256 2496 403 2560 accurtaree
421 2497 505 2548 esseni
523 2494 655 2559 Ecclesia,
674 2494 703 2545 ia
716 2492 760 2545 elie
772 2494 932 2561 Epiphania
986 2494 1108 2555 Puteum,
1125 2494 1469 2562 creelcrrdam31aequeallis
1485 2500 1593 2550 omm'no
1606 2498 1785 2553 aerumnarum

132 2565 249 2629 Domini,
275 2563 449 2618 diaconorum
462 2566 594 2634 prracoar'a
618 2567 686 2618 inter
717 2578 795 2617 sacru
811 2565 933 2631 promat-
986 2563 1152 2619 hircameutr's
1166 2566 1349 2633 compositam,
1366 2568 1391 2617 ct
1403 2565 1435 2617 ab
1444 2566 1473 2619 id
1487 2568 1557 2622 railrit
1572 2570 1598 2623 ci
1611 2571 1640 2622 ia
1655 2571 1786 2624 creaturis

131 2634 234 2703 ponder,
249 2636 342 2703 atique
357 2650 410 2689 non
425 2636 514 2690 coalent
531 2650 611 2697 uarro,
626 2634 703 2702 cujas
715 2634 816 2689 Pascha
830 2634 932 2689 iniir'ce-
984 2636 1073 2688 simile
1079 2650 1130 2703 per
1142 2635 1335 2699 substantiam,
1346 2650 1429 2703 raeque
1438 2639 1563 2707 craipuurn
1575 2640 1785 2708 incorruptibili-

133 2706 222 2767 butar,
235 2705 281 2759 sed
295 2708 430 2774 superiori
441 2709 475 2761 ab
488 2722 517 2759 ea
529 2706 685 2775 paschalem
694 2705 776 2758 scribi
792 2706 931 2773 caristolum
986 2708 1078 2764 tactem.
1088 2710 1137 2757 arat
1147 2705 1403 2767 inornatobih'tutaru,
1415 2712 1464 2759 urat
1473 2710 1719 2777 incarporuiitutam
1730 2726 1785 2764 sraoe

131 2778 248 2847 oportuit
263 2780 344 2844 caturae
358 2778 440 2831 mitti.
456 2780 495 2832 lta
511 2776 654 2831 Baronius.
668 2774 749 2844 erod
763 2790 828 2848 ergo
842 2776 884 2830 hic
894 2776 932 2832 di·
987 2775 1096 2829 dedisse
1113 2780 1236 2835 nutriere.
1261 2784 1312 2829 etc.
1338 2776 1404 2829 tiae
1419 2776 1588 2833 Gennadius.
1605 2781 1742 2835 Caeterum
1757 2780 1784 2835 in

133 2848 205 2903 citur
230 2846 358 2917 epistolas
371 2848 504 2917 pontificis
525 2846 701 2902 Alexandrini
724 2862 771 2915 per
795 2846 933 2902 universas
988 2845 1053 2915 ipsis
1067 2846 1188 2913 epistolis
1202 2844 1345 2916 Theophili
1364 2846 1546 2915 paschalibus,
1570 2865 1633 2921 qttae
1647 2858 1784 2908 erstanta

133 2920 201 2990 AEgy
220 2918 241 2972 ti
268 2917 501 2974 Ecclesiasinisse
528 2918 663 2984 directas,
693 2917 791 2987 quibus
826 2918 931 2974 initium
986 2916 1041 2971 dir.
1059 2918 1229 2988 Hieronymo
1244 2917 1270 2971 in
1286 2916 1413 2972 ialiaurn
1430 2920 1577 2983 translatae,
1593 2922 1665 2975 nulla
1682 2922 1783 2979 mentio

134 2935 354 3061 QuaXragesimae
372 2998 400 3043 et
417 2989 475 3045 dies
497 2989 607 3045 Paschae
621 2989 835 3059 designarentur,
852 2989 931 3044 intel·
986 2988 1096 3057 penitus
1117 2987 1232 3043 babetur
1264 2986 1298 3043 dc
1325 2986 1614 3062 anthropomorphitis
1637 2991 1782 3063 lucreticis,

134 3060 281 3132 ligandum,
297 3060 402 3115 monito
414 3062 487 3131 prius
499 3061 583 3115 Rom.
596 3058 733 3130 pontilicc,
745 3067 772 3115 et
786 3060 844 3131 ejus
853 3076 929 3115 accc·
983 3059 1112 3115 adsersus
1127 3073 1197 3130 qiros
1212 3058 1291 3127 longa
1301 3056 1483 3128 disputatione
1497 3060 1658 3117 disseruisse
1676 3064 1783 3119 Cassia-

132 3139 180 3203 pto
196 3130 323 3185 mandato
341 3132 368 3186 id
383 3130 485 3187 iactum
499 3130 587 3185 luisse.
982 3144 1034 3183 nas
1044 3140 1070 3185 ct
1078 3130 1247 3195 Gennadius,
1259 3130 1379 3201 itemque
1391 3131 1560 3189 sozomenus
1572 3149 1634 3188 nror
1647 3133 1781 3200 citamlas,

164 3205 181 3253 ‚¹
194 3201 361 3272 Theophilus
376 3201 546 3258 alexaudriae
564 3200 718 3271 episcopus,
729 3200 774 3270 qni
788 3200 875 3270 primo
894 3200 928 3257 dc
943 3229 965 3293 C
982 3209 1106 3256 asserunt
1121 3221 1127 3256 :
1140 3217 1228 3269 neque
1242 3202 1271 3256 S.
1284 3199 1481 3272 Hieronymus,
1493 3204 1537 3276 qni
1552 3204 1698 3261 dccisdcnr
1711 3220 1749 3261 sm
1767 3220 1783 3261 e

132 3272 254 3329 Ecclesia
269 3274 336 3327 bene
358 3274 482 3340 meritus,
503 3271 575 3344 quod
588 3272 719 3327 adversus
740 3272 885 3343 Origenem
901 3281 929 3327 et
982 3272 1121 3338 meminit,
1146 3274 1294 3385 qnidepram
1316 3270 1445 3329 adversus
1459 3290 1506 3330 eos
1530 3275 1581 3330 scri
1601 3276 1670 3330 sisse
1689 3276 1716 3330 in
1732 3222 1783 3333 liris

131 3344 300 3417 origenistas
313 3353 422 3401 strenue
433 3346 611 3411 ‹leceriusset3
629 3342 753 3411 deinceps
765 3353 876 3407 autern,
892 3343 927 3399 ob
980 3350 1190 3397 commemorat.
1205 3343 1286 3397 [nile
1298 3341 1434 3412 colligitur
1448 3293 1605 3415 hujusmodi
1620 3347 1721 3417 scripta
1734 3363 1781 3405 seu

132 3416 228 3471 odium
242 3423 268 3470 et
282 3417 496 3487 persecutionem
517 3414 792 3470 adversusloaunern
806 3414 928 3486 Chryso·
981 3412 1109 3483 epistolas
1135 3413 1275 3484 Theophili
1317 3411 1445 3469 adversus
1486 3415 1782 3488 anthropomorphitas

132 3495 254 3543 stomnm
266 3490 422 3552 excitatam,
438 3486 557 3558 pontifici
571 3488 655 3541 hom.
670 3493 695 3539 et
709 3486 836 3541 omnibus
850 3486 930 3541 bonis
982 3483 1146 3555 posteriores
1164 3481 1250 3539 luisse
1267 3483 1321 3539 illis
1338 3497 1354 3537 a
1376 3485 1409 3538 Ι).
1433 3484 1603 3558 Hieronymo
1626 3488 1782 3558 translatis,

134 3573 243 3627 exosus,
259 3559 368 3615 tandem
389 3559 438 3613 suh
454 3560 535 3613 tinem
554 3558 614 3613 cirre
632 3556 801 3627 resipiscens,
819 3564 880 3627 post
893 3564 926 3612 at
983 3564 1158 3626 procernens
1172 3555 1255 3611 nrodo
1270 3570 1325 3610 non
1340 3562 1456 3611 exstant
1470 3556 1519 3613 alia
1533 3558 1673 3629 'l'lreophili
1686 3572 1780 3630 opera.

133 3644 219 3685 annos
230 3631 328 3703 quibus
350 3629 494 3685 aeclesiam
509 3628 581 3683 illam
598 3627 676 3696 rexit,
691 3645 722 3683 ex
738 3629 789 3683 hac
811 3628 861 3682 rita
875 3628 928 3684 mi·
1018 3628 1213 3683 tSozomenus
1237 3626 1317 3699 hujus
1335 3624 1374 3680 rei
1399 3626 1539 3684 historiam
1563 3630 1780 3703 nrcrnorabilem,

132 3700 227 3772 gravit.
248 3705 350 3773 chno
364 3704 481 3757 loamres
496 3704 681 3756 [tamassanus
693 3700 739 3756 lib.
755 3715 795 3756 ιιι
810 3700 845 3755 de
859 3702 930 3755 ima·
981 3697 1130 3769 etquidem
1146 3697 1275 3769 lepidam,
1292 3698 1328 3752 ita
1339 3709 1447 3755 enarrat
1459 3700 1511 3755 sub
1536 3716 1608 3755 anno
1636 3708 1690 3757 400
1706 3705 1779 3827 im

130 3772 236 3843 ginibus
249 3782 343 3828 narrat
358 3788 389 3828 ex
408 3773 514 3829 isidoro
530 3774 652 3828 Diacono
667 3772 726 3827 hac
738 3786 801 3843 quae
812 3786 929 3841 sequun—
981 3784 1038 3825 rrrr
1052 3787 1073 3825 c.
1090 3776 1132 3833 tt,
1144 3771 1285 3839 h'iuphor.
1299 3770 1345 3823 lib.
1362 3771 1443 3839 xtra).
1454 3775 1558 3827 Interea
1570 3776 1695 3841 turpioris
1715 3774 1781 3830 carad

131 3849 202 3901 tur:
226 3844 387 3914 Tiuaphr'las
408 3846 439 3899 ob
463 3845 534 3898 iilud
551 3850 686 3912 peccarium
711 3842 803 3911 (qrrod
826 3842 929 3897 scilicet
982 3840 1065 3895 nauita
1078 3844 1385 3962 anteaeaeortaparertio
1397 3856 1446 3909 per
1458 3846 1603 3910 AEppptarn
1618 3845 1780 3913 arreralurtar,

130 3917 244 3971 loannis
270 3914 457 3985 tllrrysostomi
484 3928 584 3965 nomen
611 3912 739 3964 vetuisset
764 3912 793 3963 in
819 3911 929 3965 reitesta
980 3917 1147 3980 oporteretne
1170 3916 1249 3966 binam
1288 3908 1496 3981 abpioao'poppov,
1518 3914 1564 3966 hoc
1586 3918 1641 3979 est,
1662 3914 1781 3969 irrrnmna

131 3987 239 4042 recitari
249 3990 258 4051 {a
267 4002 319 4038 narn
328 3990 433 4052 perteret
441 3984 561 4035 uraimum
570 3981 745 4045 reparationes
752 3981 832 4032 illata
840 3983 865 4032 ei
873 3984 930 4046 fait
982 3981 1071 4046 forma
1083 3983 1229 4051 praediirun
1241 3983 1357 4038 credere.
1370 3984 1456 4051 llttjras
1468 3988 1558 4038 itatem
1572 3986 1709 4037 seritentirc
1719 3985 1782 4053 pho

131 4060 219 4127 interpr
244 4056 437 4122 Girrpsnstomi;
461 4066 542 4131 prium
559 4050 603 4103 illc
628 4054 763 4102 cremasset
780 4056 928 4114 ueneratus,
982 4052 1048 4103 rirni
1060 4058 1137 4105 eriam
1151 4068 1185 4106 eu
1202 4054 1339 4108 raorruchis
1351 4058 1406 4111 illic
1418 4056 1649 4115 reinmaruuiiluas,
1668 4057 1717 4123 pai
1723 4070 1781 4125 praa

130 4132 260 4199 spirirum
271 4126 369 4178 arisit.
384 4124 412 4177 hr
423 4122 492 4179 l'ihs
503 4124 614 4175 Petrum
626 4119 684 4175 haee
694 4118 727 4174 de
737 4118 832 4175 eodem
844 4121 930 4183 legno
983 4120 1164 4187 simplicitate,
1181 4124 1239 4176 sine
1252 4126 1383 4187 earnnine,
1399 4127 1570 4193 Scriptorum
1592 4139 1695 4177 sacram
1708 4130 1780 4181 aeci-
1839 4169 1845 4177 .

131 4208 177 4253 tnr
193 4197 262 4263 (hid.
284 4210 303 4249 ι’
324 4194 411 4248 libello
433 4201 534 4249 anatra
552 4191 629 4263 edit.)
654 4210 662 4245 :
681 4192 785 4246 Sanctae
797 4194 931 4247 memoriae
980 4190 1102 4259 pieturut,
1116 4195 1141 4244 ct
1156 4194 1186 4244 in
1203 4208 1233 4245 ea
1252 4195 1412 4255 heiocales,
1430 4200 1454 4247 et
1465 4195 1583 4259 faciem,⁸
1596 4199 1621 4249 et
1632 4212 1739 4261 uteletas,
1755 4202 1782 4253 et

133 4267 293 4335 Theophilus
302 4266 521 4336 archiepiscopus,
532 4265 829 4325 camrnerr'turusesset,
840 4263 929 4319 diali:
984 4263 1221 4330 paucamuneuliu
1238 4262 1395 4332 irajasmorli
1412 4266 1510 4320 audire
1525 4274 1722 4322 constrauerunt.
1737 4270 1783 4324 lili

133 4342 230 4395 Bararus
244 4353 280 4399 es,
296 4337 366 4391 ubba
377 4340 483 4401 arsam,
496 4338 559 4405 qaia
571 4350 674 4405 semper·
686 4336 753 4388 lione
766 4334 859 4388 horam
870 4339 932 4390 arcte

134 4410 222 4463 oculos
235 4410 361 4463 trutinasti.
378 4410 437 4464 Fuit
454 4416 546 4463 antem
568 4406 612 4461 hic
630 4405 800 4476 'sireoplrllns
811 4409 848 4461 D.
864 4406 930 4461 llic·

132 4480 240 4550 ronrmi
254 4489 406 4535 concinens
425 4487 451 4535 et
464 4477 586 4603 atqua?
603 4484 633 4533 ut
654 4476 776 4547 epistolae
789 4476 930 4547 ntrirrsqne

982 4348 1043 4387 uera
1055 4335 1104 4401 qui
1116 4334 1282 4388 recorrditam
1293 4338 1322 4390 in
1340 4338 1429 4392 curbis
1443 4352 1548 4392 sarisam
1561 4339 1780 4411 carisiaci-abant,

983 4402 1781 4479 atriorumsoarieaauaeesqaequitertianarum,uerear-sas

982 4478 1066 4531 anio
1074 4477 1230 4545 simpliciter
1236 4478 1396 4548 blasphemas
1405 4482 1566 4537 assuebant.
1575 4484 1613 4537 ai
1624 4482 1782 4553 Theophilus

131 4550 248 4606 irnieenr
262 4552 371 4622 scriptae
385 4558 528 4615 testantem
557 4548 705 4619 cripsitque
719 4556 773 4602 tres
788 4548 928 4618 paschales
983 4549 1064 4602 etiarm
1078 4550 1106 4601 ia
1118 4549 1235 4603 Ecclesia
1245 4551 1313 4605 hunc
1325 4555 1486 4607 senitentiam
1504 4550 1783 4624 amplecteralum'esse

130 4631 157 4679 et
170 4624 307 4678 solemnes
322 4622 462 4693 epistolas,
476 4635 543 4689 quas
556 4618 609 4673 dir.
622 4620 808 4691 Hieronymus
820 4612 965 4675 Latini-D
980 4619 1106 4683 amerina
1116 4626 1142 4674 et
1159 4623 1187 4674 ia
1200 4624 1310 4691 epistola
1325 4641 1407 4695 qrmm
1421 4640 1455 4679 ea
1470 4626 1660 4679 eorrsaeraana
1670 4626 1703 4678 dc
1713 4625 1783 4690 sesto

131 4700 186 4748 trite
202 4694 312 4748 ilurrarit
337 4708 421 4763 :eruar
458 4690 548 4745 nidern
563 4689 684 4758 epistolae
707 4689 773 4743 satis
795 4691 876 4747 utiles
898 4698 925 4747 ct
978 4692 1104 4746 Paschali
1128 4694 1251 4762 scripsit,
1278 4699 1303 4748 ct
1326 4700 1509 4765 incorpoream
1528 4698 1643 4759 copiarui
1662 4697 1782 4761 oportere

131 4763 221 4818 doctae
242 4774 349 4819 exstant
369 4766 396 4818 in
411 4708 578 4817 Bibliotheca
593 4762 639 4816 SS.
657 4763 769 4815 Patrem
793 4769 870 4817 tomo
886 4765 926 4819 lli

133 4834 268 4905 (britann.
287 4837 332 4889 lib.
347 4836 380 4889 de
394 4835 489 4889 Eccles.
503 4832 624 4904 Serapa).

168 4897 235 4959 '’be
258 4904 546 4976 anthropomorphitis
567 4904 685 4958 diximus
698 4899 760 4957 alibi
775 4905 846 4961 taio.
867 4919 927 4961 vrit

132 4978 221 5031 irretit.
248 4992 306 5047 cup.
331 4978 362 5047 a)
380 4975 462 5031 inisse
486 4976 627 5031 lracreticcs
653 4974 693 5028 sic
715 4972 817 5041 elicies,
853 4975 927 5045 quod

130 5050 220 5103 Derim
235 5056 371 5103 struerent
384 5049 501 5103 humana
517 5048 605 5101 torma
621 5053 648 5101 et
659 5044 785 5099 humanis
797 5046 928 5101 membris

128 5128 157 5175 et
170 5134 285 5191 corpore
297 5118 451 5191 praeditum.
468 5118 629 5172 [litabantur
639 5115 737 5187 duplici
752 5115 927 5173 iurrdarnento

129 5192 238 5245 csaeris
253 5191 347 5245 litteris
362 5190 455 5260 petito.
472 5189 605 5257 Primum,
617 5188 691 5260 qaod
703 5189 762 5242 Deo
783 5187 884 5258 passim
899 5188 928 5243 in

127 5257 927 5332 Scripturaattribuanturhumananrembra,eapnt,oculi,

128 5330 221 5399 iacies,
232 5334 353 5399 brachia,
370 5347 476 5389 nranus.
492 5332 586 5402 pedes:
601 5346 650 5387 nec
662 5338 769 5386 tantum
792 5328 927 5397 membra,

129 5403 177 5459 sed
193 5414 220 5459 et
239 5407 378 5471 arenianes,
394 5404 549 5477 passiones,
565 5402 723 5458 adiectiones
738 5401 881 5467 humanae,
899 5411 929 5458 nt

128 5474 234 5539 videre,
251 5476 355 5539 audire,
370 5476 513 5547 pmuitere,
537 5474 639 5541 laetari,
653 5473 760 5533 sedere,
774 5482 856 5539 stare,
871 5481 924 5529 ete.

129 5547 255 5602 atterum
279 5546 505 5609 firrrdamentum,
530 5545 603 5616 qrrod
628 5545 672 5599 hic
692 5544 823 5614 tangitur,
853 5545 926 5612 qrrod

128 5617 266 5687 Scriptura
284 5619 359 5674 dierat
373 5619 505 5673 hominem
525 5622 643 5671 creatam
652 5616 689 5670 od
701 5618 846 5683 imrrpr'rara
858 5620 884 5668 et
895 5619 927 5669 si·

127 5690 308 5745 miiitroh'uem
333 5692 381 5743 liei
404 5691 515 5755 (horres.
542 5690 576 5755 ι).
598 5689 669 5743 Cum
693 5686 777 5758 igitar
792 5686 875 5740 homo
890 5687 927 5743 sit

127 5774 292 5831 corporeus,
320 5762 409 5815 liarnm
433 5758 514 5814 etiarn
540 5766 665 5827 oportere
686 5774 745 5814 csse
764 5773 927 5827 corporeum

127 5830 336 5887 concludebant.
352 5832 454 5887 Contra
466 5844 536 5901 quos
544 5828 712 5903 'theophilus
724 5830 769 5887 illc
781 5828 847 5902 quid
860 5844 927 5903 pree

981 4766 1063 4819 Darrn
1079 4762 1233 4828 clamarunt,
1248 4770 1272 4817 ct
1289 4765 1415 4819 hanania
1428 4766 1523 4829 seruire
1542 4768 1684 4815 casortcrn.
1705 4764 1781 4829 (tried

983 4832 1337 4901 quidernubiAEppptiorum
1345 4834 1479 4887 maniaches
1486 4834 1652 4892 innotuisset.
1662 4834 1782 4889 aleran·

983 4904 1073 4956 daiam
1087 4916 1142 4955 sese
1160 4906 1310 4969 abraserunt,
1326 4910 1351 4958 ei
1365 4906 1396 4957 in
1409 4919 1492 4957 arram
1504 4907 1660 4973 congrecati
1673 4905 1782 4960 seditio-

982 4988 1041 5026 nenr
1056 4976 1168 5032 arerent,
1184 4978 1210 5025 ct
1226 4974 1416 5042 Theophilum,
1438 4990 1484 5029 seu
1497 4977 1620 5045 impiam,
1645 4976 1678 5031 ile
1697 4977 1782 5033 medio

983 5044 1207 5109 tollerecopitunt.
1221 5044 1348 5099 Caetermn
1365 5046 1409 5101 illc
1423 5062 1436 5099 e
1452 5048 1565 5115 aestipio
1575 5050 1721 5101 etiamnum
1736 5054 1784 5101 ta·

983 5114 1180 5168 nrultuuntibus
1201 5130 1352 5183 apparens:
1367 5118 1492 5181 Perinde,
1506 5120 1603 5187 inperii,
1618 5134 1663 5170 res
1676 5122 1782 5187 rrspeai,

983 5202 1015 5240 nc
1032 5186 1130 5252 faciem
1146 5186 1202 5240 liei.
1219 5187 1273 5239 ilec
1285 5188 1355 5243 dicto
1370 5190 1486 5243 homines
1497 5188 1602 5242 charada
1615 5192 1782 5258 erampuscuit,

982 5258 1047 5311 ardeo
1060 5260 1090 5309 at
1098 5259 1177 5310 ateana
1189 5258 1258 5310 irum
1263 5264 1400 5327 ponerent.
1413 5264 1506 5329 ltupae
1515 5262 1661 5329 (irapaiuntj
1671 5262 1696 5313 si
1704 5262 1785 5317 sicre-

982 5344 1044 5385 ccra
1053 5330 1145 5391 seratis,
1159 5330 1240 5382 etiarm
1253 5328 1334 5383 libros
1345 5333 1465 5399 tiripenis
1476 5331 1587 5393 darrnra,
1601 5348 1660 5385 cum
1670 5332 1714 5386 illi
1723 5348 1783 5387 snos

983 5401 1091 5455 lectores
1105 5401 1133 5454 ia
1144 5400 1219 5453 illam
1229 5404 1389 5456 sententium
1403 5404 1542 5457 inducant.
1556 5405 1644 5471 atipai
1654 5405 1723 5457 mihi
1736 5402 1786 5473 (in-

983 5473 1043 5541 quit
1055 5469 1112 5539 ille)
1119 5471 1181 5539 jam
1193 5472 1300 5541 pridem
1315 5474 1363 5527 illu
1381 5477 1513 5527 sententia
1526 5475 1610 5535 stetit,
1624 5488 1655 5527 aa
1670 5475 1782 5539 sarciam,

982 5545 1013 5595 at
1025 5543 1229 5606 carternitanum
1242 5560 1305 5598 neam
1318 5548 1343 5599 et
1357 5547 1413 5615 ipse
1422 5559 1475 5597 nou
1487 5546 1576 5598 urinas
1588 5545 1643 5599 iilis
1650 5558 1784 5599 reaccensae

982 5614 1031 5683 qai
1048 5614 1170 5681 Orapenis
1185 5618 1337 5685 carinianum
1352 5621 1498 5671 sectantur.
1520 5617 1610 5687 Atque
1622 5618 1665 5671 ille
1677 5616 1785 5687 paridem

981 5685 1142 5752 fraterculos
1159 5690 1222 5741 istos
1238 5688 1279 5740 ite
1294 5690 1431 5757 ruitipatos
1445 5688 1561 5751 dimisit,
1581 5706 1612 5746 uc
1630 5688 1784 5747 seditionem

980 5758 1069 5812 soleii.
1085 5758 1125 5813 lta
1140 5760 1320 5815 mauritanus.
