3848 6158
127 185 179 237 595
670 179 810 234 solutus
828 177 981 233 cassura
1000 178 1243 235 cottuttou'us.
1500 215 1510 244 .
1733 179 1785 232 teo

130 307 179 364 lrie
195 307 310 380 legimus
324 302 462 361 nominari
490 321 575 361 :nam
596 320 804 376 nonnumquam
827 304 932 377 signiti-
946 310 973 371 Α
986 307 1086 377 quitur,
1106 305 1153 362 sed
1168 305 1331 373 actualibus,
1350 320 1413 377 quae
1432 304 1459 360 ln
1479 319 1535 360 uno
1558 303 1711 374 eodemque
1734 303 1788 360 ho-

127 411 171 458 eat
185 401 328 458 hominem
349 400 496 472 integrum,
518 398 608 465 idest,
625 398 671 467 qui
684 413 716 451 ex
731 413 845 469 corpore
865 414 933 454 con·
989 402 1061 457 mine
1074 401 1113 456 vel
1129 401 1227 470 pariter
1242 398 1284 455 vel
1303 399 1443 472 sigillatim
1456 414 1520 454 cum
1541 397 1661 471 qnadmu
1681 406 1788 469 tempo·

129 503 183 552 stat
199 503 227 551 et
243 476 335 550 anima
346 511 354 557 ς
364 500 394 548 ut
408 491 444 546 ibi
460 494 553 557 (Joan.
573 492 605 557 r)
621 509 630 543 ε
645 492 680 543 Et
695 490 804 544 uerbum
820 507 881 546 caro
890 495 935 560 sa·
987 494 1024 550 ris
1039 493 1221 550 vicissitudine
1230 500 1257 548 et
1267 492 1418 548 mutatione
1431 492 1577 549 luctantur.

129 595 201 645 ctum
213 595 252 645 est
263 609 270 655 ;
281 595 308 644 et
321 588 417 653 (isaia
435 599 474 639 xn
489 592 516 636 et
542 586 615 637 bucoe
627 581 697 652 tul:
726 584 832 639 Videbit
848 589 934 640 omnis
952 591 957 600 '
1294 597 1417 654 CAPUT
1430 598 1483 652 xl,

131 701 193 741 earo
200 679 480 741 salutareiieiaostri.
492 679 706 745 Nonnumquam
715 676 839 733 homines
846 693 934 750 pecca·
989 694 1061 764 ΟΜ
1071 697 1101 749 g,
1116 696 1162 750 go,
1176 694 1230 749 1000
1244 710 1305 749 caro
1317 695 1352 748 ag
1364 694 1489 764 Apostolo
1503 695 1665 756 nominem„
1680 697 1706 748 ep
1722 695 1790 764 qm

131 788 204 834 tores
220 785 302 847 atquc
322 771 460 838 camales3
475 778 506 825 ut
518 769 555 825 ibi
570 774 579 834 (
592 771 684 828 Geaes.
698 778 749 838 vx)
771 774 847 831 :Non
869 789 935 843 per-
1209 767 1235 820 si
1246 767 1456 836 concupiscentia
1469 766 1565 818 carnis

132 867 454 935 manebitspiritusmeus
467 865 497 917 in
511 864 660 919 bominibus
669 866 738 928 istis,
754 881 782 921 eo
796 866 937 936 quadrini
1026 864 1213 939 Quamobrem
1226 867 1253 923 in
1263 866 1316 923 hoc
1335 866 1394 923 loeo
1410 876 1423 902 ⁸
1437 881 1547 922 carnem
1568 880 1624 921 uon
1635 863 1789 935 homiuem,

131 976 201 1018 caro.
222 957 365 1015 interdum
391 972 441 1027 pro
464 956 529 1029 ipsis
553 957 669 1029 peccatis
694 958 817 1029 ponitur3
842 967 874 1014 ut
898 957 936 1014 ibi
989 963 1082 1032 idest,
1101 962 1222 1019 hominis
1236 961 1426 1028 substantiam,
1440 958 1488 1015 sed
1510 958 1679 1015 voluntatem
1702 958 1791 1015 caruis

131 1057 224 1122 (Rom.
241 1051 310 1123 vrit)
326 1070 333 1106 ι
351 1053 403 1108 Vos
420 1057 509 1106 autem
533 1068 586 1108 rron
605 1055 667 1108 estis
685 1055 715 1108 in
729 1054 937 1116 carneadia
989 1065 1017 1113 et
1036 1055 1165 1113 desideria
1186 1055 1318 1113 dehemus
1337 1052 1452 1126 pessima
1480 1051 1601 1124 accipere
1628 1052 1721 1107 :sicut
1742 1068 1792 1109 nec

132 1149 244 1217 spiritu.
269 1148 303 1201 Et
324 1145 424 1201 iterum
440 1145 545 1217 (icor.
562 1145 637 1217 xvi:
654 1148 722 1203 Caro
735 1152 762 1203 et
771 1148 885 1217 sanquis
895 1162 938 1202 rc-
990 1148 1116 1224 spiritum
1139 1149 1249 1223 quidem
1267 1149 1387 1221 aliquam
1417 1163 1475 1203 rem
1498 1128 1718 1210 substantialem,
1743 1145 1792 1202 sed

133 1258 216 1311 qaum
228 1243 340 1297 Deimn
348 1233 529 1311 possidebunt.
555 1240 678 1311 Denique
687 1241 808 1313 sequitur
824 1261 830 1295 :
846 1243 938 1311 Neque
991 1243 1091 1299 animae
1111 1242 1246 1298 desideria
1264 1240 1337 1297 hona
1347 1247 1374 1296 et
1386 1238 1514 1311 spiritalia
1532 1237 1685 1311 designare.
1702 1239 1803 1311 Quem·

133 1337 271 1405 corruptio
281 1334 651 1405 incorruptelampossidebit.
663 1335 877 1406 Nonnumquam
890 1349 938 1406 pro
991 1350 1102 1391 sensum
1123 1333 1195 1391 idem
1220 1332 1317 1389 heatus
1335 1328 1630 1403 Apostolus'superius
1653 1329 1794 1386 evidenter

134 1429 296 1502 cognatione
312 1427 568 1500 etpmpinquitate;
584 1437 614 1483 ut
624 1428 659 1483 ihi
677 1428 715 1498 (ll
729 1431 792 1499 deq.
804 1428 834 1501 u)
852 1448 858 1484 :
874 1432 939 1486 Eece
992 1429 1133 1501 expressit,
1149 1428 1184 1484 ita
1203 1426 1296 1484 dicens
1312 1448 1318 1481 :
1338 1428 1401 1481 Dr‘co
1413 1429 1513 1487 autem
1532 1426 1633 1494 spiritu
1647 1425 1793 1490 ambulate,

135 1538 182 1578 nos
197 1538 225 1577 os
240 1528 327 1589 tuum,
340 1526 436 1597 cicaro
447 1527 495 1577 tuo
508 1536 611 1577 sumus.
625 1523 659 1577 Et
681 1522 829 1593 Apostolus
844 1521 936 1593 (Rau.
992 1528 1018 1578 et
1032 1523 1168 1578 deeidam
1176 1525 1266 1578 cornis
1275 1537 1328 1577 non
1348 1522 1501 1591 pertinetis.
1514 1520 1581 1576 curo
1602 1522 1676 1574 enim
1696 1536 1793 1576 coneu-

136 1616 178 1687 xr)
209 1617 397 1687 :Siquoarodo
417 1620 446 1672 in
466 1617 663 1672 aemulationem
683 1618 809 1672 inducam
833 1633 940 1672 comem
990 1618 1070 1687 piscit
1082 1615 1209 1670 adoasas
1219 1615 1355 1684 spiritum,
1367 1615 1482 1683 spiritus
1502 1627 1561 1666 nero
1581 1612 1710 1668 aduncus
1733 1629 1794 1668 oar-

137 1728 234 1774 meam,
248 1715 274 1766 et
284 1713 371 1766 saluos
380 1713 481 1779 sociam
499 1712 606 1782 aliqum
620 1728 654 1766 ea
665 1713 730 1766 illis.
755 1711 939 1780 Qrtaerendum
950 1700 981 1772 'B
994 1726 1065 1766 nun.
1077 1711 1090 1744 s
1102 1713 1164 1766 Huc
1175 1714 1265 1764 auten
1275 1710 1387 1763 inuicem
1402 1707 1581 1761 adversantur
1601 1708 1664 1775 sibi,
1684 1712 1717 1762 ut
1741 1723 1814 1777 aon,

137 1820 203 1877 ergo
224 1804 305 1860 nobis
316 1813 368 1873 est,
388 1804 539 1861 secundum
558 1820 640 1876 quam
662 1803 887 1877 significationem
907 1819 941 1858 ex
994 1819 1168 1876 quacumque
1180 1803 1272 1865 tultis,
1285 1802 1335 1855 illa
1357 1802 1467 1870 focutis
1479 1800 1556 1865 (Gal.
1570 1799 1615 1872 v).
1639 1799 1707 1869 Quae
1725 1815 1791 1856 cum

138 1896 181 1952 his
195 1906 323 1968 quatuor,
344 1912 453 1952 carnem
468 1896 512 1952 hic
523 1897 672 1955 debeamus
694 1897 826 1969 accipere.
848 1895 942 1952 Mani·
996 1906 1110 1970 utraque
1124 1894 1268 1963 desideria,
1288 1892 1316 1949 id
1338 1901 1388 1959 est,
1413 1892 1501 1948 caruis
1521 1901 1549 1947 et
1565 1891 1671 1964 spiritus
1684 1892 1712 1948 in
1733 1907 1790 1948 uno

137 1986 240 2045 testum
262 2003 383 2059 namque
397 1997 438 2045 est
459 1989 609 2045 secundum
635 1989 702 2046 illud
726 1988 799 2061 quod
821 1988 940 2060 positum
995 1990 1144 2060 eodemque
1164 1989 1219 2044 sint
1243 1987 1365 2055 homine,
1388 1986 1548 2042 intestinum
1573 1986 1690 2059 quotidie
1719 1986 1794 2042 intra

140 2084 363 2160 multinubum
378 2098 439 2138 caro
453 2085 557 2151 factum
571 2088 625 2150 eat3
646 2083 689 2138 vel
703 2081 779 2146 illud,
794 2085 830 2139 nt
841 2082 942 2137 uidebit
994 2100 1045 2140 nos
1057 2082 1158 2156 geritur
1170 2082 1287 2150 bellum,
1302 2082 1368 2138 dum
1388 2079 1605 2151 concupiscentia
1627 2079 1798 2151 carnis'quan

141 2179 225 2231 omnis
242 2192 304 2231 caro
326 2177 447 2231 salutare
465 2179 524 2239 Dei,
547 2177 653 2248 penitus
675 2183 747 2232 stare
767 2191 824 2231 non
846 2191 940 2249 posse;
996 2172 1334 2250 praeeipitanterierturad
1350 2172 1483 2244 vitia,‚his
1496 2188 1558 2244 quae
1575 2171 1609 2227 ad
1633 2181 1797 2244 praesentem

143 2267 192 2325 sed
213 2283 299 2338 neque
320 2269 471 2327 secuudum
487 2269 554 2326 illud
572 2269 645 2341 quod
666 2269 776 2335 dicitur,
800 2272 858 2329 Non
875 2285 942 2341 per·
995 2271 1116 2342 requiem
1138 2268 1284 2341 pertinent,
1306 2266 1412 2324 deliciis
1426 2265 1538 2339 gaudet.
1558 2265 1665 2334 Quibus
1686 2274 1798 2322 econtra

142 2364 378 2435 manebitspirihu
386 2366 498 2420 noemin
510 2364 660 2420 bominibus
673 2366 743 2427 istis,
754 2380 783 2420 eo
797 2365 868 2434 quod
879 2369 943 2419 sunt
996 2363 1217 2435 coucupiscentia
1227 2361 1338 2433 spiritus
1351 2360 1501 2426 adversata,
1525 2359 1561 2416 ita
1583 2359 1724 2416 desiderat
1742 2367 1797 2416 tota

141 2473 218 2525 carm
235 2459 378 2530 quianon,
393 2460 464 2515 sicut
483 2460 521 2515 ibi
546 2457 661 2530 abrupte
674 2457 708 2514 de
723 2458 835 2513 homino
847 2473 942 2527 pecca-
996 2457 1161 2530 spiritalibus
1184 2455 1282 2512 studiis
1307 2454 1449 2524 iuhaerere,
1472 2462 1504 2511 ut
1525 2455 1606 2511 etiam
1632 2456 1800 2512 necessarios

146 2558 218 2620 tore,
233 2552 270 2608 ita
282 2562 309 2608 et
321 2551 364 2608 hic
381 2554 492 2624 ponitur
502 2568 576 2622 caro,
591 2568 655 2609 cum
675 2551 775 2609 dicitur
788 2551 863 2623 (Gal.
880 2552 941 2623 xv);
1000 2551 1091 2606 caruis
1102 2564 1167 2605 usus
1189 2557 1266 2621 optet
1288 2548 1441 2615 excludere,
1461 2549 1502 2605 sic
1513 2540 1578 2605 ‘ittts
1592 2549 1693 2622 jugiter
1721 2565 1804 2606 occo·

148 2646 215 2703 Caro
225 2649 385 2720 concupiscit
396 2647 523 2705 aduncus
542 2651 679 2720 spiritum,
694 2652 719 2702 et
731 2644 949 2718 spiritusadoer·
1002 2643 1058 2715 pari
1076 2641 1205 2714 loupiens,
1219 2649 1249 2698 ut
1262 2641 1365 2696 nullam
1385 2642 1494 2713 ponitus
1520 2641 1656 2713 tragtttun·
1675 2643 1736 2714 ejus
1756 2658 1804 2700 cud

147 2758 194 2799 sus
203 2761 319 2800 carnem.
333 2746 428 2817 Neque
441 2745 513 2801 euim
526 2745 560 2802 de
575 2743 656 2801 rebus
670 2740 893 2799 substantialibus
906 2738 951 2794 lo·
1004 2752 1062 2792 ram
1077 2736 1168 2809 cupiat
1179 2735 1321 2808 impartiri.
1337 2736 1408 2792 Caro
1422 2737 1541 2792 luxuriis
1553 2752 1586 2793 ac
1599 2736 1714 2794 libidine
1731 2736 1804 2795 dele·

696 2901 824 2955 attunt
843 2897 954 2952 GhZAEl
974 2894 1255 2951 COMMENTARIUS.
1350 2964 1354 2968 .

145 3043 308 3111 quandoque
328 3042 443 3095 enimdc
466 3046 567 3094 natura
594 3040 765 3105 intelliqitu-r,
791 3035 986 3105 quandoquec
1001 3051 1035 3091 ex
1054 3033 1248 3108 ponderevem
1270 3034 1389 3090 carnalis
1409 3033 1613 3090 consuetudinis
1636 3033 1696 3089 vult
1719 3032 1806 3090 adhuc

146 3117 235 3165 autem
246 3111 278 3164 de
287 3113 393 3178 aflectu
404 3115 430 3162 et
444 3109 511 3163 labe.
524 3111 628 3164 Prioris
647 3109 850 3176 sipiuflcutionis
863 3122 951 3162 mun-
1003 3106 1116 3163 terrenis
1130 3104 1284 3162 commodis
1298 3113 1325 3161 et
1341 3104 1565 3161 delectationibus
1586 3104 1651 3161 irui.
1665 3105 1713 3161 Sic
1733 3104 1806 3161 enim

145 3182 223 3252 plum
235 3183 281 3234 boc
293 3186 332 3237 est
343 3199 351 3233 :
364 3181 484 3248 spiritus
496 3194 603 3234 carnem
618 3183 708 3233 etossa
717 3194 769 3232 non
781 3177 870 3240 babet,
880 3181 950 3234 sicut
1003 3178 1061 3249 ipse
1074 3193 1142 3250 quas
1166 3177 1244 3233 initio
1266 3191 1324 3232 suae
1337 3176 1526 3232 conversionis
1538 3184 1674 3246 pateretur
1687 3174 1806 3232 difficul-

146 3267 188 3306 me
199 3252 296 3305 uidetis
311 3252 405 3305 babere
417 3252 496 3317 qiua.
515 3265 591 3306 xxrv
605 3250 624 3321 ).
640 3251 817 3304 Postulans:
840 3250 905 3306 baro
924 3254 950 3304 et
1000 3257 1073 3304 tates
1088 3257 1115 3304 et
1132 3248 1323 3321 ambiguitates
1336 3248 1446 3318 exponit
1462 3247 1507 3302 lih.
1525 3262 1579 3303 vtxt
1593 3245 1807 3303 Conlessionum

146 3325 254 3392 sanquis
264 3339 375 3391 reginum
388 3323 437 3376 bei
448 3323 605 3376 haereditate
613 3321 751 3391 possidere
761 3337 814 3375 raon
825 3326 948 3391 possunt.
1004 3320 1055 3375 vel.
1071 3323 1086 3375 5
1104 3339 1110 3374 :
1130 3321 1204 3377 Velie
1227 3335 1314 3374 meum
1332 3320 1438 3374 tenebat
1459 3321 1593 3381 inimicus,
1612 3323 1639 3372 ct
1660 3319 1725 3373 inde
1740 3319 1810 3373 mim

148 3396 187 3450 lta
202 3395 258 3449 itte.
269 3402 307 3448 At
317 3393 419 3462 plenior
431 3400 472 3447 est
482 3393 636 3448 accuratior
648 3402 689 3448 est
702 3392 798 3449 divisio
811 3408 842 3447 ac
854 3392 951 3448 distin·
1003 3395 1125 3446 catenam
1139 3394 1250 3460 secam,
1264 3395 1289 3446 et
1298 3393 1553 3445 mastrinaeratme.
1566 3390 1809 3460 Quippeeauqun·

147 3467 203 3520 ctio
216 3481 277 3534 quae
290 3465 333 3519 hic
344 3464 466 3519 habetur.
1004 3465 1193 3531 toteperuersa
1205 3464 1282 3530 sacto
1294 3462 1441 3528 estlibido;
1453 3461 1549 3515 eidam
1559 3464 1675 3515 sarcitur
1684 3459 1804 3523 libidini,

184 3537 246 3589 ⁸Er
262 3536 312 3597 iltis
329 3534 417 3589 verbis
438 3533 581 3603 Apostoli:
600 3534 665 3590 Caro
679 3536 839 3603 concupiscit
855 3533 950 3587 adoa-
1002 3534 1078 3599 sacta
1093 3537 1132 3587 est
1145 3532 1320 3599 consuctudo,·
1335 3537 1361 3587 et
1377 3533 1442 3588 dum
1462 3532 1649 3586 mensuetndtni
1669 3546 1723 3585 non
1737 3532 1807 3585 resi·

147 3620 194 3660 sus
214 3607 351 3674 spiritum,
375 3612 426 3658 etc.
448 3603 601 3659 Manichaeri
628 3605 693 3658 olim
717 3613 836 3659 statuere
859 3603 949 3658 conati
1002 3604 1094 3664 stitur,
1109 3606 1234 3669 factaest
1247 3605 1395 3682 necessitas·
1418 3603 1618 3671 Quibusquasi
1630 3603 1809 3671 ornatisque-

148 3678 288 3732 suutduus
307 3689 366 3728 esse
383 3682 493 3729 naturas
507 3675 534 3727 iu
557 3673 682 3728 homine:
709 3674 822 3728 alteram
846 3672 948 3728 bonam
1002 3673 1113 3727 budam
1137 3675 1244 3728 sibimet
1256 3675 1385 3744 innectis(
1403 3675 1475 3728 unde
1496 3679 1618 3729 culcitam
1638 3674 1811 3743 appellaui),

149 3763 165 3802 a
182 3751 238 3801 Deo
251 3746 400 3811 conditam,
413 3745 525 3800 alteram
540 3745 640 3799 malam
660 3744 816 3800 adaemono
837 3751 949 3800 auctore
1003 3745 1108 3799 tenebat
1120 3760 1161 3799 me
1172 3743 1243 3798 dura
1252 3747 1376 3800 seruitus.
1398 3747 1531 3800 Voluntas
1544 3750 1635 3799 autem
1648 3760 1726 3807 nouo,
1748 3759 1810 3813 qua

150 3817 311 3890 proiectam,
340 3831 401 3887 quae
428 3817 456 3871 in
478 3831 560 3871 carne
586 3814 741 3870 inhabitans
767 3830 815 3885 per
840 3829 950 3870 carnem
1003 3816 1074 3869 mibi
1094 3830 1148 3870 esse
1166 3819 1330 3886 repudiat
1353 3821 1378 3870 te
1399 3818 1486 3885 pratis
1508 3816 1628 3884 colerem,
1650 3816 1763 3885 traque
1787 3819 1814 3872 te

149 3888 319 3961 concupiscit
344 3888 472 3943 adversus
503 3886 639 3955 spiritum.
666 3891 702 3940 ht
728 3884 755 3940 id
780 3899 836 3939 non
861 3884 951 3940 solum
1004 3885 1108 3952 uellem,
1132 3890 1212 3950 Deus,
1239 3886 1295 3941 sola
1321 3892 1392 3941 cata
1414 3887 1585 3955 jiuunditas,
1610 3887 1730 3940 nondum
1750 3891 1814 3942 aot

150 3959 241 4030 impie,
257 3958 400 4014 sedetiam
426 3957 550 4029 imperite
562 3957 595 4011 ab
612 3956 651 4011 eis
672 3955 867 4027 excogitatum.
894 3959 950 4011 Ea·
1005 3956 1754 4027 idoneaadsuperandunapiiorernuetustateroboratam.
1768 3959 1814 4012 lta

149 4030 215 4087 dem
237 4045 354 4100 namquo
376 4044 488 4101 prorsus
513 4036 554 4083 est
574 4027 666 4083 anima
690 4042 752 4098 quae
776 4041 822 4098 per
841 4041 950 4081 carnem
1005 4027 1066 4081 dua
1080 4028 1313 4092 uoluntatesmeoe,
1332 4033 1481 4095 anacetus,
1498 4030 1556 4082 aba
1576 4044 1657 4096 noca,
1679 4029 1729 4082 illa
1746 4045 1813 4083 car-

150 4102 327 4171 coucupiscit,
348 4099 497 4156 secundum
512 4101 648 4154 carnalem
669 4097 830 4169 appetitum,
849 4107 877 4153 et
890 4112 952 4169 quae
1004 4100 1086 4162 nolis,
1108 4102 1162 4154 ista
1179 4098 1342 4170 spirituales,
1367 4100 1541 4168 mitigabant
1562 4102 1632 4154 inter
1665 4115 1704 4163 se,
1729 4105 1816 4170 atque

151 4174 336 4243 perspiritum
349 4171 514 4240 concupiscit
528 4171 601 4226 'uxta
618 4169 766 4239 appetitum
777 4169 949 4223 rationalem.
1005 4169 1184 4225 discordando
1198 4171 1368 4241 dissipabant
1378 4173 1497 4224 animam
1511 4187 1606 4226 mom,
1622 4173 1665 4228 Sic
1674 4171 1815 4240 intellige·

151 4243 265 4297 Constat
283 4244 354 4297 euim
371 4244 397 4298 in
412 4242 502 4297 anima
529 4240 638 4296 nominis
656 4240 790 4309 duplicem
812 4254 871 4294 esse
895 4239 952 4295 vim
1006 4241 1068 4295 bom
1081 4257 1137 4296 ineo
1152 4243 1238 4312 ipsius
1258 4243 1438 4310 experimento
1455 4241 1486 4295 id
1504 4242 1575 4310 quod
1594 4243 1722 4310 leqeram,
1745 4259 1815 4313 quo·

151 4313 325 4380 appetitivam
340 4332 346 4366 :
359 4312 473 4367 alteram
486 4311 598 4366 rationis
611 4319 759 4381 expertem,
771 4325 853 4381 quom
862 4309 953 4392 appel·
1005 4313 1081 4366 modo
1089 4327 1149 4366 caro
1162 4313 1356 4381 concupisceret
1369 4312 1496 4367 adoemus
1510 4315 1650 4382 spiritum,
1664 4315 1814 4383 etspim'tus

152 4381 241 4435 laurus
267 4383 417 4449 appetitum
445 4381 613 4446 sensitivam,
641 4382 703 4451 quia
732 4389 853 4436 versatur
880 4396 951 4436 cirea
1006 4382 1135 4436 aduersus
1149 4397 1266 4436 contem.
1282 4384 1350 4438 Haec
1366 4383 1542 4454 Augustinus,
1556 4383 1657 4453 quibus
1678 4384 1813 4440 illustrari

151 4449 343 4529 delectationes
368 4465 514 4515 sensuum;
540 4451 653 4505 alteram
687 4466 748 4521 quae
773 4461 814 4506 est
840 4446 993 4509 rationisD
1007 4460 1133 4524 poterunt
1156 4467 1216 4522 quae
1242 4452 1365 4524 sequenti
1384 4453 1473 4527 capite
1503 4454 1538 4510 de
1571 4453 1662 4509 media
1690 4455 1832 4526 quedam

154 4528 300 4591 particeps,
310 4535 391 4588 quam
406 4521 571 4575 voluntatem
586 4521 754 4591 appellamus
770 4521 902 4593 (August.
916 4523 954 4577 ad
1007 4523 1145 4577 voluntate
1156 4522 1225 4578 iuter
1242 4531 1386 4596 ulnamque
1406 4524 1654 4596 concupiscentiam
1678 4526 1771 4581 carnis
1785 4534 1816 4583 et

152 4590 384 4658 Quodvultdeus,-
400 4591 506 4659 Greqor.
520 4607 608 4647 xxxix
622 4594 717 4648 Monoi.
737 4609 796 4663 cap.
819 4593 870 4663 10).
887 4595 954 4648 Haec
1007 4593 1117 4665 spiritus
1128 4592 1308 4651 disseruntur.

153 4677 201 4734 per
215 4663 328 4734 gratiam
345 4672 437 4717 sanata
448 4671 475 4717 et
488 4671 617 4718 renovata
643 4663 808 4734 concupiscit
830 4678 860 4718 ex
878 4661 953 4718 diro·
1042 4665 1055 4699 b
1069 4664 1136 4734 Quia
1151 4673 1241 4720 motus
1256 4666 1366 4734 spiritus
1384 4666 1514 4722 contrarii
1527 4675 1592 4721 sunt
1612 4667 1736 4723 motibus
1748 4681 1815 4722 oar-

152 4735 241 4790 ctioue
259 4733 371 4806 spiritus
390 4733 516 4805 spiritalia
531 4733 611 4790 bona.
629 4734 728 4790 tradem
744 4733 827 4802 igitur
840 4741 881 4788 est
893 4733 953 4788 ani·
1006 4735 1062 4803 nis,
1081 4743 1111 4790 ut
1127 4735 1230 4792 dictum
1246 4745 1296 4792 est.
1315 4737 1385 4792 Caro
1404 4738 1478 4794 enim
1501 4737 1625 4794 sollicitat
1647 4738 1682 4794 ad
1709 4737 1814 4806 turria,
1860 4750 1873 4772 ‘

129 4821 196 4865 ‚ma
212 4822 272 4877 qum
286 4805 435 4862 secundum
459 4805 580 4862 diversas
601 4805 669 4861 vires
690 4805 818 4860 adversus
836 4805 953 4876 seipsam
1007 4807 1118 4877 spiritus
1132 4822 1195 4863 vero
1221 4808 1315 4863 invitat
1334 4807 1368 4863 ad
1388 4807 1512 4873 honesta,
1534 4807 1608 4880 quod
1631 4756 1815 4879 postmodum

153 4886 262 4948 pugnat.
283 4877 401 4932 Proinde
415 4893 479 4933 cum
493 4877 536 4933 hic
546 4876 614 4932 dicit
625 4877 709 4932 abbas
719 4891 831 4931 carnem
842 4875 954 4945 etspiri·
1009 4879 1089 4959 longa
1104 4885 1131 4933 et
1145 4878 1242 4934 diserta
1255 4878 1382 4934 antithesi
1393 4881 1558 4950 explicatum
1580 4895 1631 4935 nec
1649 4879 1733 4935 relert
1752 4879 1814 4937 sive

155 4957 214 5001 tum
238 4963 292 5000 uon
313 4948 466 5015 siguificare
486 4948 607 5003 hominis
625 4947 817 5014 substantiam,
834 4946 952 5020 intellige
1006 4948 1119 5017 spiritus
1144 4949 1291 5022 accipiatur
1312 4964 1361 5020 pro
1387 4950 1488 5022 Spiritu
1511 4959 1615 5017 sancto,
1647 4959 1678 5006 ut
1704 4951 1814 5008 videtur

152 5025 287 5086 quatenus
298 5018 449 5071 substantia
469 5027 520 5085 ost,
540 5018 591 5081 sed
606 5021 737 5090 quatenus
758 5018 885 5087 carnalis,
911 5019 952 5074 vel
1006 5019 1166 5089 Apostolico
1179 5019 1316 5076 contextui
1329 5021 1416 5092 magis
1429 5021 1581 5093 quadrare3
1595 5022 1652 5076 sive
1675 5038 1726 5092 pro
1751 5022 1813 5091 spi-

152 5087 290 5157 spiritalis,
325 5087 350 5142 id
376 5095 428 5152 est,
456 5098 591 5158 quatenus
616 5089 745 5160 appetitui
768 5091 900 5146 sensitivo
925 5097 953 5144 et
1005 5090 1061 5144 ritu
1076 5092 1209 5159 humano,
1223 5097 1358 5163 quatenus
1376 5101 1467 5148 tamen
1482 5092 1607 5164 aSpiritu
1620 5104 1717 5149 sancto
1731 5109 1815 5149 sana-

152 5160 262 5223 caroali,
284 5159 323 5213 vel
339 5158 460 5229 spiritali,
479 5157 504 5212 id
524 5166 575 5225 est,
597 5160 721 5215 rationali
748 5159 952 5233 obtemperans,
1006 5167 1050 5215 tus
1064 5159 1209 5218 abeodem
1230 5162 1333 5233 regitur
1346 5170 1373 5217 et
1433 5162 1569 5219 hernatur.
1595 5167 1666 5221 Nam
1689 5166 1813 5236 Spiritus

153 5227 316 5293 idemenim
337 5238 388 5296 est,
406 5230 464 5285 sive
482 5228 587 5284 dicatur
606 5245 679 5297 earo,
709 5230 764 5286 sive
782 5231 886 5296 anima,
910 5229 952 5285 uel
1005 5235 1124 5300 salidus,
1142 5232 1179 5287 ait
1202 5234 1237 5287 D.
1258 5232 1379 5289 Thomas
1408 5240 1461 5299 1-2,
1476 5251 1503 5303 q.
1529 5240 1573 5289 to.
1599 5236 1698 5306 orm)
1722 5242 1814 5293 monet

152 5295 235 5352 homo
259 5311 392 5367 quatenus
409 5300 533 5356 conatalis.
560 5300 696 5357 Caeterum
722 5303 757 5355 D.
784 5301 953 5372 Augustinus
1005 5303 1151 5357 lintmonam
1166 5309 1278 5359 meatem
1291 5304 1448 5374 odidquod
1461 5308 1810 5371 estsecundumruiionem,

151 5382 207 5422 non
218 5367 301 5423 modo
313 5369 437 5426 eamdem
448 5370 570 5426 animam
581 5371 693 5426 dirersis
703 5370 822 5424 motibus
834 5378 952 5425 aestuan-
1005 5374 1242 5442 culpatiusadid
1258 5375 1478 5446 quodestsupra
1499 5380 1651 5445 rationem
1740 5380 1811 5434 titus

152 5446 207 5493 tem
220 5440 369 5495 secuudum
389 5441 508 5498 diversos
529 5450 556 5497 et
578 5442 729 5497 contrarios
747 5441 881 5522 appetitus
899 5440 951 5495 hoc
1005 5449 1093 5498 autem
1107 5447 1464 5517 carnisquiestappetitus
1487 5451 1641 5512 sensitiuus,
1661 5455 1702 5504 tra
1723 5450 1744 5502 it
1769 5451 1813 5506 ad

151 5508 297 5567 dissidium
315 5512 414 5568 sentire
429 5512 533 5579 scribit,
557 5527 651 5569 verum
665 5512 747 5567 etiam
764 5526 818 5566 erm
832 5511 950 5566 rationa-
1006 5515 1074 5568 bono
1088 5515 1236 5584 suasibilia,
1249 5532 1310 5586 qua
1321 5523 1385 5572 sunt
1397 5520 1474 5585 inira
1488 5520 1619 5574 bominem
1635 5539 1643 5574 :
1658 5519 1728 5575 unde
1741 5522 1814 5578 sicut

152 5580 218 5635 lem.
234 5586 320 5637 Docet
343 5585 415 5638 euim
431 5584 553 5639 eamdem
569 5583 690 5639 hominis
706 5582 873 5637 voluntatem
896 5581 952 5638 liti·
1005 5589 1812 5660 motassursumctdeorsumoontrananturinnaturalibus3

151 5653 342 5734 gareflrixari,
365 5670 396 5709 ac
418 5670 537 5725 pugnare
558 5669 666 5720 secum,
688 5653 754 5708 dum
776 5667 808 5707 ex
835 5653 953 5721 Spiritus
1005 5659 1044 5711 ita
1059 5658 1087 5710 in
1096 5659 1219 5727 operibus
1242 5661 1376 5723 bremonis,
1402 5664 1603 5716 contradantur
1616 5677 1697 5733 opero
1721 5666 1813 5720 eamus

148 5731 238 5778 sancti
250 5724 422 5795 inspiratione
434 5732 491 5779 tota
505 5725 562 5779 vult
580 5724 690 5782 aetcruis
709 5723 950 5794 bouisiuhaerore‚
1004 5728 1139 5794 fructibus
1147 5731 1202 5785 siue
1211 5732 1334 5800 operibus
1341 5733 1464 5802 spiritus.
