3848 6158
132 207 197 262 1025
674 196 842 255 COLLATIO
862 199 930 254 xvi.
950 228 986 239 -
1005 198 1050 254 DE
1069 196 1232 253 blllClle.
1681 244 1683 248 .
1723 206 1789 261 lupe}

56 365 64 376 -
127 328 320 400 coepissemus,
343 323 470 397 quaedam
489 322 629 381 communi
653 321 853 378 examinatione
871 320 929 378 dis·
941 327 968 389 Α
982 322 1073 379 cordis
1095 320 1223 392 implerit.
1247 322 1278 377 Si
1301 337 1355 391 qua
1378 337 1449 392 erqo,
1469 321 1570 395 inquit,
1594 328 1736 384 consolatio
1760 334 1788 388 eb

128 437 210 479 cussa
227 421 348 494 primum
369 420 403 476 ab
419 420 506 476 altero
523 417 591 474 falsa
609 431 642 473 ac
654 417 735 473 noxia
751 416 928 487 notabantur,
985 418 1100 480 cbristo,
1113 418 1138 471 si
1147 416 1355 486 quodsolatium
1365 418 1518 482 alteritatis,
1529 421 1617 490 siqua
1627 423 1789 480 aisement-

129 531 194 572 mox
208 514 307 571 deinde
326 522 358 570 ut
370 513 521 587 perniciosa
538 511 679 569 communi
694 510 872 583 pronuntiata
887 510 931 584 J'u·
984 511 1137 577 errationis,
1153 511 1261 581 implete
1281 510 1411 580 gaudium
1424 527 1512 568 meum
1526 517 1558 570 ut
1576 515 1647 569 idem
1661 519 1787 586 sapiatis,

127 609 200 666 dicio
224 607 441 677 damnabantur,
463 621 525 679 quae
545 605 574 662 in
594 612 704 663 tantum
722 605 799 677 prius
813 604 930 661 infnsae
984 601 1103 657 eamdm
1117 603 1278 658 ebaritatem
1291 603 1425 668 babentes,
1440 607 1581 662 unanimes
1595 608 1715 678 idipsum
1727 623 1787 666 sen·

128 701 237 759 diabolo
261 701 337 758 velut
357 701 419 758 luce
440 699 593 772 fulgebant,
621 706 654 755 ut
676 698 753 755 lacile
776 693 931 770 potuissent
984 699 1095 765 tientes,·
1107 697 1177 751 nibil
1185 711 1235 766 per
1244 697 1446 765 contentionem,
1457 713 1542 768 neque
1551 715 1602 769 per
1612 703 1721 757 manem
1730 703 1786 772 qlo-

129 810 259 870 generare
270 793 445 863 discordiam,
459 793 510 849 nisi
522 801 691 865 praeceptum
702 792 843 849 seniorum
855 785 931 849 velut
983 791 1063 853 mom,
1077 790 1124 846 sed
1135 793 1165 845 in
1176 791 1330 846 bumilitate
1340 792 1489 861 superiores
1501 793 1695 864 uobuneetipsis
1706 795 1787 851 elter-

129 888 257 946 divinum
266 885 405 959 quoddam
417 885 561 943 oraculum
570 884 740 943 custoditum
750 886 785 943 ab
796 885 870 941 omni
879 900 931 941 nos
983 890 1076 941 uuum
1096 887 1260 942 arbitrantes
1280 884 1392 957 (Philip.
1410 885 1460 957 tr);
1483 893 1511 942 et
1531 885 1607 955 illud,
1627 890 1731 944 Honore
1744 890 1787 944 al·

130 979 306 1036 contentione
327 986 491 1045 revocasset,
512 995 567 1052 que
585 979 691 1038 abillis
711 980 791 1054 legali
812 979 931 1052 quadam
984 980 1787 1058 terummpraomtmnstnomrrr),utplusunusquisque

130 1072 272 1129 sanctione
287 1073 481 1145 praescriptum
494 1080 546 1143 est,
565 1081 596 1130 ut
617 1083 716 1130 neuter
728 1081 855 1130 nostrum
870 1073 932 1145 plus
984 1075 1105 1131 consorti
1124 1088 1175 1130 suo
1194 1074 1314 1130 scientiar
1333 1079 1361 1130 et
1380 1075 1530 1132 sanctitatis
1544 1077 1691 1147 ascribens,
1708 1094 1786 1137 sum-

126 1164 234 1238 judicio
248 1181 299 1222 suo
313 1181 397 1238 quam
411 1164 502 1223 fratris
516 1166 648 1237 erederet,
664 1167 689 1224 oi
707 1182 859 1239 numquam
873 1166 932 1224 rel·
984 1181 1060 1222 mam
1083 1165 1256 1222 discretionis
1276 1181 1348 1222 rerae
1366 1165 1394 1220 in
1415 1167 1527 1224 alterius
1546 1171 1633 1243 magis
1656 1187 1737 1243 quam
1759 1175 1788 1231 in

130 1259 167 1314 let
184 1255 284 1314 diabob
302 1256 451 1315 ealliditate
467 1256 569 1315 deludi.
984 1273 1036 1316 suo
1050 1257 1145 1315 eredat
1158 1266 1232 1314 stare
1243 1256 1357 1330 judicio.

433 1352 555 1409 CAPUT
576 1353 628 1408 xl.
1281 1351 1404 1408 CAPUT
1423 1352 1490 1407 ΧΗ.

130 1446 206 1514 Quod
228 1446 392 1516 impossibiie
414 1447 453 1501 sit
476 1460 638 1515 quemquam
663 1447 712 1514 qui
733 1448 847 1516 proprus
867 1445 931 1516 peu
984 1446 1071 1513 Quam
1085 1443 1117 1500 ob
1131 1457 1241 1499 causum
1254 1457 1307 1498 nan
1325 1443 1594 1512 debeantinferiores
1608 1450 1788 1508 recollatione
1829 1499 1832 1506 .

250 1516 365 1585 judicie,
385 1517 489 1571 debbeli
504 1517 626 1570 illiniens
639 1530 693 1570 nen
707 1515 805 1586 decipi.
1316 1517 1456 1570 contemni.

165 1608 277 1664 Etenim
288 1623 360 1680 saepe
374 1608 443 1666 illud
457 1606 531 1681 quod
545 1607 695 1680 Apostolus
706 1606 774 1664 dicit
784 1607 931 1680 probatum
1020 1608 1098 1681 Saepe
1120 1615 1214 1665 autem
1239 1606 1348 1677 accidit,
1372 1608 1429 1664 sire
1452 1607 1578 1665 illusione
1600 1610 1711 1680 diaboli,
1732 1614 1788 1673 sire

128 1701 464 1775 eeterenire:,⁸1psqmtm
473 1704 592 1761 &tanae
605 1704 932 1772 trampquratscinanpe·
949 1716 975 1779 g
988 1699 1135 1756 intercessu
1144 1699 1247 1757 emeris
1256 1699 1379 1768 humani,
1390 1715 1445 1771 quo
1454 1700 1548 1758 nullus
1556 1709 1598 1758 est
1608 1701 1635 1757 in
1646 1703 1697 1759 bac
1706 1719 1788 1764 carne

129 1796 185 1850 ium
195 1797 304 1864 lucis(ll
313 1796 372 1853 cor.
382 1795 782 1869 nt),utobseuramactetram
789 1796 932 1869 caliginem
989 1796 1035 1868 qui
1050 1794 1106 1853 lalli
1120 1796 1196 1854 reiut
1207 1797 1291 1854 bomo
1305 1811 1362 1854 non
1376 1796 1472 1869 possit,
1485 1805 1517 1854 ut
1529 1805 1557 1855 et
1568 1807 1579 1834 ⁰
1590 1797 1634 1854 ille
1649 1799 1786 1858 interdum

129 1902 263 1945 sensuum
277 1904 327 1961 pro
348 1904 412 1945 vero
431 1888 536 1946 lumine
550 1888 671 1946 scientiar
684 1888 871 1946 fraudulenter
888 1886 933 1945 ei·
986 1888 1033 1960 qui
1047 1888 1159 1946 acrioris
1176 1889 1277 1963 ingenii
1295 1888 1470 1962 scientiaque
1484 1888 1597 1961 majoris
1618 1898 1670 1960 est,
1684 1891 1787 1963 aliquid

130 1977 934 2059 fundat[bipeinmarpoliundatl.Quinisibumilietman
986 1979 1087 2037 falsum
1104 1989 1198 2039 mente
1216 1981 1364 2055 concipiam
1383 1990 1411 2039 et
1424 1983 1469 2039 ille
1483 1982 1528 2054 qui
1543 1983 1672 2041 tardioris
1686 1984 1787 2058 ingenii

39 2104 42 2109 ·
131 2076 933 2150 suetocordesuseepti,maturissimiiratrisvelprobatissi
986 2087 1019 2129 ac
1042 2072 1160 2130 minoris
1181 2082 1222 2130 est
1248 2075 1362 2143 meriti,
1392 2076 1494 2131 rectius
1521 2075 1621 2149 aliquid
1646 2079 1787 2151 veriusque

132 2172 169 2228 mi
181 2172 296 2230 senioris
305 2179 479 2230 reserrentur
488 2171 658 2240 examini,et
667 2170 934 2244 eorumjudioiedili
987 2167 1145 2240 persentiat.
1168 2171 1203 2225 lit
1222 2168 1325 2225 idcirco
1345 2169 1437 2225 nullus
1457 2157 1472 2202 ‘¹
1493 2170 1557 2238 sibi,
1579 2172 1703 2243 quamvis
1728 2174 1785 2240 [nl.

129 2275 225 2338 genter
232 2265 403 2336 excussi,aut
412 2263 930 2336 abjiciantur,autrecipienturanobis,
972 2248 1094 2334 quavis]
1113 2263 1226 2320 scientia
1248 2263 1389 2335 praeditus,
1410 2264 1483 2320 inani
1499 2272 1607 2322 tumore
1626 2267 1787 2338 persuadeat

129 2358 188 2415 sine
206 2358 292 2416 dubio
313 2365 472 2414 venerantes
486 2358 516 2414 in
532 2357 741 2430 cogitationibus
760 2356 863 2413 nostris
881 2371 932 2429 pro
987 2355 1060 2427 quod
1071 2356 1157 2429 possit
1165 2355 1309 2414 collatione
1318 2356 1429 2414 alterius
1441 2373 1498 2414 non
1511 2373 1598 2432 egere.
1611 2360 1682 2415 Nam
1691 2361 1786 2418 etiam·

128 2448 791 2524 angelolucisangelumtenebrarum,gravissimo
799 2447 932 2506 feriemur
983 2447 1151 2523 sijudicium
1174 2449 1232 2522 ejus
1250 2449 1383 2506 diabolica
1403 2466 1460 2507 oon
1484 2449 1560 2507 fallat
1575 2452 1676 2523 illusio,
1690 2453 1786 2511 elatio-

130 2543 251 2601 interitu.
272 2538 388 2614 bQuam
409 2544 557 2618 perniciem
571 2541 738 2615 impossibile
757 2551 799 2600 est
819 2542 932 2601 eradere
984 2541 1026 2598 nis
1040 2549 1132 2598 tamen
1143 2549 1171 2597 et
1184 2541 1321 2615 superbiae
1333 2543 1471 2614 graviores
1485 2543 1596 2615 laqueos
1609 2560 1666 2602 non
1681 2544 1785 2604 evadet.

129 2637 284 2709 quempiam
299 2636 401 2710 judicio
416 2636 528 2709 proprio
545 2634 741 2703 confidentem,
758 2635 821 2704 nisi,
837 2634 932 2692 bumi-
985 2633 1051 2702 Quis
1072 2634 1147 2690 enim
1163 2633 1216 2692 boc
1230 2635 1281 2692 sibi
1297 2635 1403 2706 absque
1424 2636 1524 2710 ingenti
1539 2637 1639 2708 poterit
1656 2652 1786 2710 usurpare

129 2728 211 2785 litatis
228 2743 300 2785 verae
315 2737 424 2785 amator
436 2737 465 2786 et
479 2736 623 2786 exsecutor
635 2725 758 2799 effectus,
773 2725 842 2783 illud
856 2725 931 2799 quod
985 2727 1115 2798 pernicie,
1128 2743 1192 2785 cum
1205 2731 1260 2785 Vas
1274 2727 1416 2785 electionis
1430 2728 1457 2784 in
1470 2744 1526 2801 quo
1539 2727 1674 2796 Christus,
1688 2737 1720 2786 ut
1729 2730 1786 2802 ipse

130 2821 277 2892 Apostolus
290 2836 456 2895 magnopere
474 2820 646 2893 deprecatur,
667 2820 745 2876 omni
765 2819 931 2877 contritione
985 2818 1126 2892 professus
1143 2830 1186 2877 est
1201 2821 1236 2893 (11
1260 2823 1319 2879 Cor.
1334 2821 1418 2893 ιιιιι),
1432 2820 1604 2894 loquebatur,
1622 2820 1658 2877 ob
1672 2820 1725 2880 hoc
1737 2836 1785 2881 se·

678 2980 806 3036 bennui
825 2980 938 3037 annl
957 2978 1236 3038 COMMENTARIUS.

169 3118 968 3194 ¹D.Gregoriusrxxtrtllloralium(cupnnladilludiobc
999 3125 1220 3193 nimispessimo,
1238 3137 1319 3193 eoqtu
1334 3123 1520 3192 perniciosior,
1540 3138 1592 3193 que
1619 3127 1705 3193 magis
1721 3127 1787 3181 inte·

132 3193 280 3259 xn120uis
288 3192 416 3247 revelabit
426 3192 523 3257 (auen
531 3190 683 3245 indumenti
690 3190 931 3259 ejusibeuiatban
986 3195 1050 3248 rior.

133 3262 232 3334 inquit,
244 3266 295 3318 iste
306 3262 341 3332 (id
352 3269 403 3327 est,
413 3260 547 3331 diabolus)
558 3261 638 3316 aliter
647 3261 787 3329 relipiosas
797 3261 933 3316 bominum
1024 3272 1034 3298 ⁰
1053 3262 1097 3319 0b
1112 3263 1239 3319 eamdem
1255 3277 1368 3319 causam
1383 3278 1466 3334 quam
1481 3272 1508 3319 et
1518 3263 1614 3320 titulus
1628 3263 1709 3336 buJus
1724 3279 1784 3335 cap.

131 3338 240 3397 mentes,
261 3334 343 3388 aliter
360 3348 422 3388 uero
441 3333 502 3387 buic
515 3331 615 3386 munde
634 3331 741 3386 deabus
755 3335 849 3386 tenuat.
862 3332 933 3388 Nam
973 3332 1100 3403 praefert
1122 3336 1158 3387 Ι).
1179 3332 1342 3388 Benedictus
1364 3333 1441 3402 (Gap.
1465 3333 1491 3403 ³)
1511 3335 1614 3401 statuit,
1632 3340 1664 3389 ut
1685 3339 1786 3404 quoties

129 3402 750 3474 praeismalaquaedesiderantuperteobjieit3
761 3403 834 3456 benis
843 3405 934 3457 nutem
987 3403 1027 3456 ai'
1043 3419 1080 3457 ua
1089 3404 1231 3474 precipua
1244 3403 1349 3470 agenda
1363 3405 1469 3457 suntin
1482 3406 1651 3467 monasterio,
1667 3411 1787 3460 cerruocet

132 3476 244 3530 latenter
261 3476 408 3537 insidians,
424 3474 473 3529 sub
484 3476 569 3544 specie
580 3475 734 3529 sanctitatis
748 3472 849 3527 illudit.
864 3472 932 3535 iilis,
987 3419 1072 3528 aiiii
1085 3489 1188 3529 omnem
1200 3474 1439 3542 conpreqatt'onem,
1455 3479 1480 3529 et
1491 3474 1564 3529 duat
1574 3476 1631 3543 ipse
1647 3475 1716 3530 urrde
1725 3478 1787 3544 api·

130 3545 934 3615 uelutsamtlinribussuisiniquumsemunisestiusinuuunt,-
988 3547 1047 3611 tur;
1063 3549 1089 3599 et
1104 3544 1217 3599 audieris
1236 3545 1375 3599 copadium
1391 3546 1523 3612 fratrum,
1543 3549 1640 3599 tractet
1656 3547 1731 3616 apud
1747 3561 1784 3616 se,

132 3619 191 3673 istis
205 3633 277 3680 uere,
292 3618 365 3672 uelut
378 3618 524 3678 eutruneis,
538 3615 680 3685 cujusdam
694 3616 776 3684 quasi
787 3609 932 3671 amntem
986 3618 1012 3669 et
1023 3616 1095 3684 quod
1110 3616 1205 3670 utilius
1214 3614 1380 3684 judicaverit
1392 3618 1489 3683 faciut.
1502 3615 1563 3671 ideo
1573 3620 1673 3679 autem,
1686 3615 1785 3687 inquit,

129 3693 266 3758 praetentu
277 3703 304 3744 se
310 3689 419 3759 palluit,
433 3692 464 3742 ut
472 3687 545 3741 mala
554 3701 615 3756 quoe
625 3688 663 3740 eis
669 3687 777 3755 publice
786 3699 839 3739 non
848 3684 931 3748 ualet,
987 3700 1073 3742 omnes
1086 3686 1124 3741 ad
1132 3687 1273 3741 monilium
1282 3688 1372 3741 uocari
1383 3687 1515 3754 dicimus,
1528 3689 1592 3756 quia
1603 3703 1673 3758 sape
1679 3689 1787 3757 iuniori

132 3764 199 3815 tecte
213 3761 285 3815 barae
296 3761 409 3814 aetianis
420 3759 549 3813 velamine
561 3757 786 3811 subintromittat.
986 3760 1114 3813 Denunus
1127 3759 1227 3813 relevat
1240 3759 1313 3826 quod
1323 3758 1419 3813 melius
1432 3762 1481 3813 est.
1494 3758 1548 3814 Ubi
1565 3758 1699 3828 respicere
1714 3757 1786 3814 vide·

168 3824 354 3886 bPerniciem
375 3837 454 3883 vocat
476 3826 575 3884 diaboli
596 3827 761 3882 illusionem.
782 3824 828 3881 Sic
847 3823 932 3883 abbae
986 3835 1031 3884 tur
1050 3827 1116 3884 illud
1139 3828 1315 3899 Evangelium
1339 3844 1347 3881 ι
1372 3829 1501 3896 Confiteor
1521 3827 1581 3889 tibi,
1607 3831 1697 3890 Pater,
1721 3831 1785 3897 quia

132 3901 241 3972 Moyses
252 3900 343 3954 collat.
357 3904 439 3967 neap.
451 3902 485 3950 to
498 3916 505 3950 ι
520 3899 601 3958 Vera,
611 3897 659 3959 ait,
669 3897 805 3957 discretio,
815 3912 869 3950 nen
877 3897 934 3951 nisi
985 3899 1149 3954 abscondisti
1154 3901 1209 3954 bec
1220 3900 1413 3968 asapicntibus
1422 3902 1448 3952 et
1454 3897 1645 3980 prudentibus,
1656 3902 1682 3952 et
1690 3899 1785 3953 revela

133 3987 197 4025 uera
208 3969 362 4023 bumilitate
372 3967 533 4034 acquiritur.
547 3964 629 4032 &tius
641 3964 802 4018 bumilitatis
812 3965 867 4018 bec
880 3969 933 4021 erit
986 3971 1024 4023 sti
1037 3985 1067 4023 en
1080 3972 1204 4039 pennulis
1218 3970 1327 4036 (Mattb.
1343 3968 1403 4040 xt);
1418 3976 1446 4023 et
1459 3967 1525 4024 illud
1543 3967 1668 4040 Apostoli
1689 3967 1711 4038 (Ι
1726 3970 1783 4024 Cor.

132 4033 931 4109 prirnaprobaiio,siunivtllissmi⁰lumiuoeauffldasuub
986 4037 1050 4107 ιιι)
1063 4059 1069 4094 :
1082 4041 1114 4094 Si
1118 4040 1227 4107 juniori
1236 4040 1385 4094 revelatum
1396 4041 1491 4107 (uerit,
1504 4042 1593 4094 senior
1606 4043 1700 4094 taceat.
1716 4037 1785 4095 Hinc

133 4110 181 4163 sed
195 4112 276 4163 etiam
289 4123 350 4177 qua
363 4107 523 4174 copitantur,
538 4105 672 4158 seniorum
684 4108 853 4159 resonantur
866 4120 933 4159 ene-
987 4106 1152 4177 smaragdus
1166 4107 1250 4162 abbas
1261 4109 1289 4162 in
1302 4108 1430 4163 eumdem
1442 4107 1534 4162 locum
1549 4109 1663 4177 Regulae
1678 4127 1684 4162 :
1698 4111 1783 4178 sape,

134 4182 213 4242 mini,
232 4184 264 4234 ut
277 4179 348 4232 nibil
365 4178 426 4246 quis
442 4191 489 4231 stro
505 4175 611 4246 judicie
627 4174 748 4236 mederis,
765 4174 873 4228 iliorum
883 4189 935 4244 per
986 4174 1083 4247 inquit,
1097 4182 1209 4247 propter
1219 4178 1383 4233 bumilitatis
1398 4178 1527 4246 qratiam,
1535 4179 1642 4246 iuniori
1658 4181 1785 4234 Domitius

132 4252 224 4305 omnic
232 4248 431 4318 definitionibus
439 4248 596 4317 acquiescat,
607 4249 633 4300 et
641 4245 709 4315 quid
719 4246 816 4300 bonum
824 4245 866 4299 uel
876 4260 933 4300 mo·
987 4246 1086 4302 revelet
1099 4247 1172 4317 quad
1183 4250 1310 4302 seniorem
1317 4249 1395 4303 celat.
1408 4251 1467 4307 Non
1477 4250 1548 4303 enim
1557 4264 1733 4318 personarum
1742 4265 1785 4306 ae·

134 4323 190 4375 lum
211 4321 305 4375 debeat
319 4320 444 4390 judicare
463 4332 553 4373 eorum
573 4317 721 4372 traditione
737 4317 933 4386 munerantis
986 4321 1074 4388 ceptor
1087 4322 1126 4373 est
1143 4322 1230 4385 Deum
1243 4319 1332 4373 sedin
1346 4321 1517 4387 omnioetate,
1533 4320 1690 4384 conditione,
1704 4336 1782 4386 seru,

133 4408 193 4463 cap.
210 4391 334 4461 sequenti
351 4409 357 4444 :
373 4391 453 4447 Nullo
465 4404 583 4459 namque
597 4389 650 4443 alie
662 4389 726 4442 uitia
738 4391 795 4442 tam
806 4388 933 4457 precipi-
985 4392 1070 4456 pente,
1085 4391 1109 4444 is
1124 4392 1175 4459 qui
1192 4392 1266 4445 timet
1279 4406 1338 4446 eum
1358 4395 1477 4461 acoeptets
1490 4396 1530 4446 est
1545 4392 1590 4445 iili
1610 4390 1713 4462 (Actor.
1734 4392 1783 4464 x);

134 4468 187 4519 tem
199 4462 322 4518 diabolus
331 4461 488 4516 manerbum
495 4460 632 4531 pertrabit
643 4458 808 4529 superducit
817 4458 855 4512 ad
863 4473 933 4513 mer·
946 4490 971 4553 D
986 4464 1012 4514 et
1023 4462 1052 4514 in
1061 4460 1158 4530 quidus
1164 4461 1232 4525 malt,
1243 4463 1331 4532 spiret
1341 4464 1427 4527 (ioan.
1440 4459 1501 4531 ιιι).
1511 4466 1536 4517 et
1545 4465 1666 4531 qratiam
1674 4465 1784 4533 sapien-

135 4540 197 4597 tem,
209 4550 289 4604 quam
298 4549 358 4588 eum
368 4548 427 4588 eum
437 4531 561 4600 neglectis
573 4532 690 4586 consiliis
701 4532 837 4585 seniorum
846 4531 932 4584 intuo
986 4532 1031 4585 tice
1043 4531 1166 4600 benignis
1177 4535 1325 4588 ministrat.
1336 4535 1395 4591 Non
1408 4535 1478 4588 enim
1492 4536 1522 4588 in
1533 4535 1628 4590 Daniel
1640 4539 1666 4589 ct
1677 4535 1784 4591 Samuel

129 4607 234 4676 priditio
246 4605 413 4677 persuaserit
422 4617 453 4656 ec
465 4603 618 4671 delinitione
630 4602 782 4656 decimam
793 4599 930 4669 confidem.
985 4606 1091 4657 oetatun
1100 4603 1236 4672 discrerit,
1245 4604 1292 4660 sed
1299 4607 1418 4673 pruinam
1423 4604 1782 4673 ministravitlllenielxrrr,

135 4679 202 4733 llaec
216 4676 271 4743 ille,
292 4675 338 4747 qui
361 4682 389 4730 et
409 4671 505 4729 eadem
524 4670 669 4727 collatione
690 4671 830 4753 complura
848 4669 932 4752 refert
984 4674 1078 4743 llleq.
1099 4677 1156 4742 ιιι).
1178 4676 1245 4732 carie·
1264 4677 1334 4730 enim
1353 4680 1426 4737 sunt,
1441 4675 1508 4728 dicit
1525 4676 1676 4795 Scriptura,
1692 4689 1784 4729 sensus

134 4748 258 4819 exempla
271 4745 473 4802 monachorum
487 4750 513 4800 et
527 4740 755 4797 anachoretarum
769 4757 815 4813 qur
829 4756 880 4797 suo
892 4756 933 4795 nr·
986 4745 1110 4812 bominis,
1126 4750 1152 4800 et
1163 4751 1241 4800 estas
1251 4747 1391 4800 sanemus
1399 4747 1457 4799 uita
1464 4746 1580 4797 immacu
1590 4747 1637 4796 ata
1648 4744 1723 4813 (Sap.
1736 4744 1783 4816 rt).

136 4817 224 4871 mium
250 4817 351 4889 judicio
380 4814 493 4882 conlisi,
515 4813 543 4869 in
581 4812 739 4868 rarissimos
763 4819 792 4867 et
816 4818 932 4882 stupen-
1021 4813 1159 4870 dScribit
1179 4815 1385 4886 Metaplrrastes,
1406 4814 1436 4868 S.
1458 4812 1603 4868 Arsenium
1628 4814 1782 4884 eremitam,

137 4887 188 4942 des
205 4901 311 4941 errores
324 4885 441 4968 prolapsi
463 4894 539 4941 sunt.
557 4827 586 4940 ξ.
606 4881 931 4939 parachronismis:
987 4883 1049 4940 licet
1062 4883 1262 4950 doctissimum,
1282 4892 1373 4939 tamen
1396 4882 1509 4966 majoris
1527 4883 1689 4942 humilitatis
1703 4900 1784 4942 exer-

136 4959 203 5014 Cum
217 4958 311 5019 simas,
323 4955 421 5027 inquit,
434 4957 545 5026 subjecti
550 4955 642 5010 multis
648 4953 819 5025 passionibus
823 4955 934 5023 mauu-
986 4955 1081 5010 cendae
1095 4970 1174 5011 causa
1189 4969 1334 5011 consuesse
1347 4953 1430 5011 etiam
1445 4970 1471 5010 m
1484 4954 1567 5011 rebus
1582 4955 1728 5014 levioribus
1740 4957 1784 5029 iu-

137 5045 189 5099 qua
207 5028 366 5096 attactibus,
390 5031 479 5082 nostm
494 5027 599 5097 juduio
619 5041 672 5080 nen
690 5024 814 5079 meamus
828 5025 934 5079 unnino
987 5025 1098 5082 nicrum
1112 5025 1226 5082 consilia
1239 5026 1384 5098 exquirere
1394 5034 1422 5082 et
1432 5025 1519 5098 sequi.
1535 5028 1563 5083 S.
1577 5027 1642 5083 item
1655 5029 1784 5099 Augusti·

139 5102 231 5169 fidere.
255 5099 367 5166 Oemnde
391 5100 462 5152 cuim
479 5113 575 5153 nonna
599 5097 641 5151 uel
664 5095 759 5165 requie
783 5110 865 5150 curun
894 5098 934 5150 est
988 5112 1049 5163 nus,
1062 5104 1154 5153 tantus
1169 5097 1296 5154 Ecclesiae
1308 5097 1415 5166 doctor,
1426 5107 1502 5154 tanta
1514 5097 1566 5153 fuit
1579 5097 1740 5165 bumilitate,
1754 5106 1785 5155 ut

139 5177 163 5225 et
184 5172 293 5239 inplere,
320 5184 469 5239 numquam
486 5169 558 5238 quod
572 5167 717 5222 secundum
728 5181 786 5221 eam
804 5166 935 5234 dirigitur
989 5168 1029 5225 rel
1049 5185 1065 5226 a
1082 5168 1264 5240 minimoque
1286 5185 1319 5225 ue
1333 5168 1422 5225 doceri
1436 5185 1469 5225 ac
1490 5167 1597 5223 moneri
1616 5182 1646 5223 se
1660 5176 1783 5239 paratum

139 5247 239 5296 rectum
270 5242 402 5310 efficitur,
434 5239 481 5294 sad
505 5239 649 5294 detortum
675 5257 683 5292 :
712 5240 742 5294 S.
772 5235 934 5292 Benedictus
988 5240 1010 5296 si
1047 5240 1121 5296 ilicet
1132 5240 1175 5296 bis
1186 5240 1220 5297 ad
1233 5241 1261 5296 S.
1304 5240 1476 5313 ieronymum
1490 5237 1597 5309 scriptis
1611 5241 1783 5311 (Epist.15):

139 5318 226 5382 cape
248 5311 368 5383 lingulae.
383 5311 480 5369 Nullus
496 5313 527 5365 in
544 5311 704 5364 monasterio
714 5310 822 5380 proprii
834 5322 935 5378 sequa·
989 5315 1003 5369 l
1052 5312 1136 5368 tidem
1150 5316 1257 5382 ropout
1271 5327 1312 5368 me
1324 5312 1437 5382 tidenter
1453 5313 1582 5380 corrigas,
1597 5310 1645 5363 ubi
1656 5311 1725 5365 mibi
1739 5311 1786 5366 boe

103 5410 114 5452 ·.
137 5387 184 5437 tur
205 5383 291 5439 cordis
303 5385 475 5439 unianimem.
500 5385 535 5438 b.
555 5380 711 5440 Bernardus
730 5395 814 5436 serm.
831 5386 847 5435 2
866 5383 934 5436 cti
987 5398 1054 5455 epus
1076 5400 1130 5440 esse
1146 5386 1326 5455 perspicuitas.
1349 5385 1518 5453 Quamquam
1542 5382 1621 5448 enim,
1644 5382 1787 5437 seeundum

137 5452 172 5510 de
191 5453 420 5510 Resurrectione:
436 5455 501 5521 Qua
518 5453 608 5522 major
625 5452 749 5522 superbia
766 5466 822 5507 esse
846 5453 936 5522 potest
988 5455 1116 5511 benorum
1136 5457 1266 5511 combula
1285 5471 1346 5525 quer
1359 5456 1421 5524 jam
1441 5455 1564 5513 Ecclesia
1578 5467 1642 5507 usus
1660 5453 1786 5521 obtinuit,

138 5541 219 5595 quam
244 5527 270 5580 si
298 5539 368 5579 unus
393 5539 472 5580 suum
493 5524 629 5595 judicium
646 5524 780 5594 praesunt
802 5524 935 5576 univereoe
988 5529 1059 5596 episc
1094 5531 1155 5582 utus
1167 5526 1333 5597 presbyterio
1342 5525 1429 5594 major
1441 5526 1488 5592 sit,
1503 5527 1591 5578 tamen
1602 5525 1695 5580 multis
1706 5527 1735 5579 in
1744 5540 1787 5580 re-

140 5597 354 5666 comprobationis
373 5595 500 5665 judicio,
525 5597 606 5667 quasi
624 5595 696 5653 selus
716 5592 826 5662 baberet
848 5593 936 5663 Spirt'·
991 5597 1039 5652 bus
1084 5601 1229 5667 ugustinus
1250 5597 1410 5666 Hieronymo
1430 5596 1517 5650 minor
1531 5599 1580 5663 est,
1596 5596 1655 5652 licet
1673 5598 1787 5651 etiamn

137 5672 196 5722 tum
210 5670 277 5724 Dei?
297 5669 333 5722 Et
346 5667 447 5722 iterum
461 5682 468 5720 z
483 5670 514 5724 ln
528 5668 605 5723 eorde
614 5665 715 5737 duplae
730 5669 768 5719 est
782 5664 865 5734 lepra,
876 5678 937 5733 pre
990 5670 1092 5724 minore
1108 5668 1224 5739 quelibet
1243 5682 1296 5723 nore
1313 5669 1350 5723 sit
1371 5667 1531 5736 resupeenda
1550 5668 1592 5723 uel
1614 5663 1786 5736 &dunanda

136 5742 200 5810 pria
217 5740 348 5802 uoluntas,
370 5741 396 5793 et
403 5740 545 5808 proprium
563 5737 717 5804 consilium·
732 5736 809 5807 iepra
821 5738 938 5806 utraque
989 5743 1123 5796 correctio.
