3848 6158
206 185 258 239 tau
876 181 1015 241 tutunus
1034 183 1185 242 CASSlle
1807 182 1859 237 {80

205 307 305 366 iratres
319 308 353 366 ad
374 303 540 367 becelmus
560 309 612 367 sibi
633 307 771 367 reddenda
785 291 945 379 succedunt,
967 309 1005 365 ita
1017 314 1044 376 Α
1058 308 1122 382 quid
1143 324 1177 366 ex
1199 308 1239 366 eis
1261 308 1440 365 imminuatur
1461 307 1503 364 vel
1526 313 1630 380 pereat,
1646 313 1677 363 ut
1697 305 1810 362 credant
1830 320 1861 364 se

205 411 249 469 ut,
269 402 420 460 secundum
440 404 558 462 coenobii
580 402 792 470 multitudinem,
817 402 1005 459 ministrorum
1059 404 1142 460 etiam
1156 418 1206 476 pro
1222 402 1341 459 minimis
1355 401 1507 477 quibusque
1516 401 1588 458 vasis
1598 409 1738 474 tamquam
1755 415 1803 472 pro
1818 415 1862 456 sa-

209 512 320 571 quoque
336 514 470 556 numems
483 499 637 572 deputetur.
651 498 721 567 Quae
740 496 850 570 explere
869 505 946 553 tenta
959 496 1007 554 do-
1059 497 1207 554 crossnctis
1229 497 1365 554 rationem
1386 511 1442 551 non
1465 495 1555 552 solum
1582 492 1763 566 dispensatori
1789 510 1862 566 prae·

207 592 320 649 votione
340 600 368 649 ct
386 591 542 650 bumilitate
568 591 759 664 deproperant,
786 599 887 664 quanta
914 591 1007 648 nullus
1059 590 1141 658 senti,
1155 589 1204 646 sed
1219 590 1302 646 etiam
1315 589 1435 646 Domino
1453 587 1616 655 reddituros,
1632 586 1655 644 si
1675 587 1746 643 lortc
1760 587 1862 660 aliquid

208 702 351 745 servorum
371 687 508 746 dirissimo
527 687 654 756 domino,
672 703 705 744 ac
717 686 880 760 praepotenti
900 686 1008 744 exbibet
1060 697 1094 739 ex
1108 683 1148 739 eis
1168 683 1330 757 negligentia
1354 699 1452 740 eorum
1475 681 1556 738 luerit
1571 681 1757 738 imminutum.
1778 680 1863 754 Cujus

208 796 290 837 suum
310 780 490 844 famulatum:
510 781 640 838 itautne
658 781 716 838 istis
732 780 846 853 quidem
861 776 1005 838 soliscon·
1061 775 1210 848 disciplina
1223 777 1269 850 qui
1285 775 1384 833 modus
1397 778 1444 843 sit,
1456 775 1499 832 vel
1512 783 1614 848 quanta
1625 775 1680 831 lide
1693 782 1722 831 et
1736 775 1864 833 cautione
1895 773 1897 777 ’

206 873 275 931 tenti
290 872 430 945 obsequiis
450 887 512 946 quae
524 874 655 931 canonico
668 875 731 947 jure
750 870 903 939 solvuntur,
923 862 1026 930 etiam
1060 880 1194 938 servetur,
1216 887 1273 929 uno
1290 871 1458 939 testimonio,
1480 870 1554 943 quod
1576 868 1694 942 exempli
1711 870 1796 942 gratia
1810 886 1864 943 po-

205 975 288 1023 nocte
310 976 462 1040 surgentes,
485 967 547 1027 illos
564 983 636 1040 quos
653 968 806 1041 specialiter
830 967 890 1025 bec
915 977 1007 1025 manet
1061 980 1136 1033 nam,
1150 965 1274 1038 poteritis
1285 980 1442 1037 agnoscere.
1456 965 1533 1022 Sicut
1544 965 1617 1020 enim
1630 963 1774 1020 studemus
1785 966 1864 1021 satis·

205 1075 282 1130 eura,
303 1059 396 1118 studio
415 1076 466 1118 suo
480 1061 608 1130 relevent,
626 1070 654 1117 et
668 1077 700 1117 ea
718 1075 780 1134 quae
797 1062 832 1118 ab
851 1061 916 1134 ipsis
929 1061 1008 1135 perii·
1061 1059 1149 1115 iacere
1170 1067 1261 1115 vestro
1278 1057 1389 1127 fervori,
1406 1074 1462 1131 quo
1477 1058 1586 1133 plenam
1606 1057 1800 1114 universorum
1816 1074 1863 1116 eo-

205 1153 302 1211 eisnda
324 1162 398 1223 sunt,
425 1153 521 1211 lurtim
542 1154 737 1227 praevenientes
764 1154 878 1229 implere
897 1163 1007 1212 conten-
1061 1155 1210 1227 gnitionem
1225 1153 1422 1235 desiderantes,
1433 1154 1516 1210 etiam
1531 1168 1563 1209 ea
1574 1167 1636 1224 quae
1656 1151 1762 1224 optime
1774 1153 1862 1212 nosne

205 1247 283 1305 dant.
297 1249 355 1304 Has
366 1256 459 1305 auum
472 1248 638 1321 septimanas
649 1249 837 1322 unusquisque
846 1249 1006 1321 suscipiens,
1062 1249 1116 1305 lvoc
1135 1248 1226 1306 libello
1244 1248 1322 1305 vobis
1340 1247 1439 1320 cupitis
1453 1245 1559 1316 iterari,
1583 1245 1620 1302 ita
1634 1260 1762 1302 veremur
1782 1261 1863 1303 men·

207 1341 340 1414 usquead
352 1356 460 1399 coenam
474 1342 614 1400 Dominici
628 1342 683 1400 diei
698 1343 901 1400 ministraturus
914 1343 1008 1400 obser·
1061 1359 1153 1400 suram
1166 1343 1302 1400 brevitatis
1315 1342 1457 1423 excedere.

206 1445 260 1492 vat.
276 1439 335 1508 Qua
353 1435 471 1510 perfecta
482 1437 664 1495 ministerium
677 1435 762 1494 totius
776 1435 954 1493 hebdomadis
969 1436 1007 1492 ita
1316 1471 1319 1479 -
1353 1438 1478 1496 CAPUT
1497 1438 1565 1493 XX.

209 1529 391 1598 concluditur,
408 1538 440 1588 nt
455 1529 495 1600 hi,
508 1530 606 1602 quibus
625 1529 828 1588 succedendum
843 1538 895 1600 est,
909 1545 1007 1587 conve·
1108 1539 1147 1591 De
1158 1535 1246 1589 tribas
1255 1534 1388 1589 lenticulis
1400 1534 1494 1603 prauis
1505 1532 1539 1586 ob
1549 1547 1679 1588 oeeenuno
1689 1532 1813 1602 repertis.

207 1621 348 1679 nientibus
361 1622 389 1679 in
398 1638 484 1680 unum
493 1622 625 1681 iratribus
635 1622 670 1680 ad
680 1621 863 1680 concinendos
875 1621 1008 1694 psalmos,
1099 1631 1132 1684 ln
1154 1627 1307 1699 septimana
1328 1625 1472 1699 eujusdam
1492 1622 1594 1694 iratris,
1619 1640 1684 1681 eum
1705 1624 1865 1696 praeteriens

207 1728 278 1786 quos
288 1713 405 1788 quieturi
418 1730 452 1771 ex
464 1729 540 1771 more
554 1715 710 1782 decantant,
725 1714 855 1770 omnibus
869 1713 899 1770 in
912 1712 1008 1771 ordine
1063 1735 1226 1778 oeconomus
1243 1721 1297 1778 tria
1314 1725 1328 1754 ⁸
1347 1720 1484 1778 lenticula
1499 1734 1580 1793 grana
1600 1718 1711 1775 vidisset
1732 1719 1824 1793 jacere
1836 1719 1865 1777 in

206 1805 290 1879 pedes
303 1807 402 1874 lavent,
418 1808 489 1865 hanc
510 1808 612 1865 seilicet
632 1808 666 1865 ab
685 1808 724 1864 eis
736 1823 786 1881 pro
809 1808 903 1865 labore
924 1808 1010 1866 totius
1061 1825 1146 1885 terra,
1157 1830 1219 1889 (μω
1232 1814 1458 1885 hebdomadario,
1477 1814 1613 1877 festinanti
1626 1815 1693 1873 dum
1707 1830 1738 1873 ea
1759 1830 1865 1888 μωρα-

207 1900 366 1972 septimanae
390 1899 587 1959 benedictionis
608 1903 765 1960 mercedem
789 1901 907 1959 fideliter
926 1918 1010 1976 expe·
1062 1918 1105 1966 rat
1118 1910 1245 1979 coctioni,
1260 1910 1443 1967 intermunus
1461 1925 1525 1968 cum
1539 1925 1610 1982 aqua
1624 1924 1676 1982 qua
1690 1908 1866 1967 diluebantur

207 2002 309 2062 tentes,
324 2003 356 2052 ut
377 2010 425 2053 eos
440 1995 589 2068 explentes,
610 1995 772 2053 mandatum
791 1996 894 2055 Christi
913 1997 1011 2054 emissa
1063 2003 1153 2076 elapsa
1166 2013 1242 2072 sunt,
1256 2001 1401 2061 confestim
1412 2018 1494 2077 super
1507 2005 1560 2061 lroc
1571 2003 1698 2061 abbatem
1709 2003 1864 2072 consuluit;

209 2089 372 2163 generaliter
383 2089 417 2146 ab
431 2090 560 2147 omnibus
573 2088 705 2147 iratribus
717 2090 807 2148 oratio
822 2099 1010 2164 prosequatur,
1063 2113 1148 2170 aquo
1170 2097 1244 2155 velut
1263 2098 1431 2155 interversor
1450 2097 1644 2170 neglectorque
1656 2090 1670 2129 θ
1682 2097 1751 2153 sacri
1766 2095 1865 2170 peculii

208 2200 271 2256 quac
291 2183 332 2241 vel
349 2198 398 2257 pro
414 2176 630 2257 ignorationibus
646 2183 808 2258 intercedat,
825 2184 868 2242 vel
890 2200 941 2256 pro
958 2184 1009 2242 ad·
1047 2237 1049 2240 ,
1059 2191 1209 2265 judicatus,
1230 2191 1265 2248 ab
1285 2192 1409 2250 orauone
1429 2205 1579 2265 suspensus
1598 2199 1648 2248 cst.
1672 2191 1758 2262 Cuius
1776 2190 1866 2265 negli-

208 2274 300 2332 missis
324 2275 443 2332 bumana
468 2273 616 2349 fragilitate
638 2274 770 2350 peccatis,
790 2283 818 2333 et
834 2276 1011 2334 commendet
1063 2285 1163 2357 gentiae
1184 2293 1278 2341 reatus
1296 2299 1353 2340 non
1375 2284 1453 2341 aliter
1474 2283 1499 2340 ei
1518 2283 1648 2339 remissus
1662 2291 1714 2353 est,
1735 2282 1866 2339 nisieum

208 2367 355 2427 Dcovalut
364 2368 531 2426 sacrificium
541 2369 640 2443 pingius
650 2377 839 2427 consummata
854 2369 1010 2427 eorumde·
1063 2377 1171 2450 publiea
1193 2376 1352 2450 poenitentia
1376 2376 1507 2432 diluisset.
1535 2378 1597 2432 Non
1619 2375 1709 2432 solum
1734 2374 1807 2430 enim
1826 2389 1867 2432 ss

209 2462 329 2543 votionis
340 2462 478 2535 obsequia.
493 2464 529 2521 Et
539 2462 577 2520 ita
588 2462 709 2521 secunda
722 2462 829 2521 sabbati
844 2471 906 2539 post
917 2471 1011 2522 matu·
1063 2471 1136 2544 ipsos
1149 2486 1206 2528 non
1224 2485 1284 2527 esse
1296 2484 1372 2538 suos,
1387 2468 1436 2525 sed
1456 2467 1539 2524 etiam
1552 2467 1644 2525 omnia
1663 2482 1724 2539 quac
1735 2482 1785 2524 sua
1800 2475 1869 2525 sunt

209 2556 283 2615 tinos
293 2557 420 2632 hymnos,
431 2556 837 2628 aliis'rursumsuoecdcntibus,
850 2558 1010 2615 utensiliain
1062 2562 1178 2621 endunt
1197 2563 1319 2620 Domino
1333 2569 1490 2620 consecrata
1512 2581 1519 2618 :
1544 2570 1654 2634 propter
1670 2560 1782 2634 quodsi
1798 2563 1868 2634 quid

210 2652 312 2726 quihus
321 2651 542 2711 ministraverant
552 2667 656 2710 acrasa
671 2653 832 2726 consignant
846 2669 925 2726 tque
933 2661 1011 2715 mnu
1064 2655 1145 2714 luerit
1158 2657 1187 2713 in
1200 2656 1366 2714 monasterio
1380 2656 1464 2713 semel
1482 2655 1600 2723 illatum,
1614 2663 1645 2711 ut
1662 2663 1865 2712 sacrosanctum

211 2746 394 2807 sollicitudine
422 2763 540 2822 curaque
569 2747 749 2829 suscipientes
779 2748 949 2822 custodiunt,
976 2765 1012 2807 ne
1065 2751 1230 2808 cumomni
1256 2750 1409 2808 decernunt
1439 2748 1588 2806 reverentia
1620 2746 1718 2804 debere
1746 2747 1867 2805 tractari.

754 2876 884 2935 nunaut
903 2877 1020 2935 GAZAEI
1039 2877 1319 2935 COMMENTARIUS.
1725 2934 1735 2951 ,

211 2985 309 3042 meme
320 2989 346 3042 et
356 2986 475 3041 ebaritas
485 2986 639 3055 acquiritur
653 2983 742 3052 (Vide
752 2985 794 3039 tot
809 2987 965 3054 iuuene).
981 2984 1021 3042 ld.
1066 2985 1247 3053 simillimum,
1262 2985 1306 3041 sui
1327 2991 1420 3040 tamen
1438 2981 1552 3058 generis,
1569 2980 1603 3039 de
1620 2995 1679 3107 2⁰⁰
1696 2979 1799 3036 Plinius
1816 2979 1865 3037 lib.

249 3127 294 3182 ulo
321 3124 428 3206 brevius
450 3133 478 3180 et
501 3124 643 3181 obscvmus
667 3125 701 3182 de
728 3126 864 3183 mnonicis
885 3127 1015 3199 regulari·
1066 3133 1139 3188 tisan
1153 3127 1273 3184 vendidit
1304 3126 1534 3199 rimogenituram.
1549 3050 1868 3182 Genesffizffndeliaugz

233 3212 266 3253 us
280 3203 425 3252 statuitur:
444 3197 570 3252 Vicissim
585 3199 615 3251 in
628 3198 778 3264 Refectorio
788 3203 814 3253 et
826 3201 929 3254 ceteris
948 3214 1013 3254 com·
1067 3200 1193 3257 lenticula
1204 3198 1268 3259 olei.
1279 3143 1313 3254 Xe
1326 3214 1380 3271 qua
1392 3195 1462 3253 inira
1472 3202 1481 3263 (
1491 3199 1555 3267 Cup.
1570 3199 1627 3260 2⁵).

213 3268 340 3324 munides
357 3267 556 3323 neumatibus
574 3268 626 3323 sibi
644 3269 829 3335 (summitatis
843 3271 933 3340 ospeio
946 3271 1013 3338 tun·
1102 3264 1161 3328 ltd
1182 3277 1224 3327 est
1257 3268 1396 3325 fraudator
1413 3268 1455 3324 vel
1474 3266 1645 3339 dilapidator,
1661 3262 1734 3336 quod
1753 3262 1864 3336 gravium

214 3342 324 3410 putetur.
336 3338 407 3393 Hine
422 3337 521 3420 fratres
532 3337 747 3420 bebdomadarii,
763 3341 804 3395 vel
815 3341 1012 3412 septimanarii,
1066 3356 1150 3413 quam
1169 3311 1318 3413 neglector,
1338 3349 1370 3396 ut
1383 3339 1528 3411 Dionysius
1539 3335 1675 3418 exposuit.
1689 3337 1802 3417 Sacrum
1817 3349 1867 3406 pe·

213 3409 290 3477 dicti,
305 3409 351 3480 qui
364 3423 428 3466 suas
441 3423 515 3465 vncos
533 3424 561 3464 m
572 3410 626 3466 boc
633 3410 782 3468 ministerio
796 3410 1011 3469 hebdomadario
1068 3413 1172 3469 cutium
1186 3421 1265 3468 vocat
1278 3411 1349 3467 buna
1362 3425 1460 3482 resque
1473 3408 1644 3471 monasteris,
1657 3423 1685 3462 m
1696 3406 1793 3477 quibus
1804 3415 1870 3461 sunt

213 3478 1012 3554 expleametegredideseptimanaD.Benedicto,ctsepti·
1065 3484 1199 3552 utensilia,
1226 3482 1336 3549 cibaria,
1359 3481 1543 3551 supellectilia,
1572 3487 1599 3534 et
1630 3491 1812 3549 quascumque
1832 3474 1869 3533 ad

214 3566 415 3608 mansmsuam
430 3550 578 3623 complere.
592 3551 1015 3624 qumunu,inquit,deseptv2
1071 3569 1152 3610 usum
1170 3551 1328 3610 monasterii
1342 3560 1370 3608 et
1383 3549 1584 3607 monachorum
1615 3549 1746 3617 ertinent3
1763 3561 1827 3619 quas
1841 3555 1871 3604 et

213 3632 306 3688 meam,
325 3623 437 3678 subbato
456 3623 606 3679 mundities
626 3624 724 3690 faciut.
743 3625 821 3680 item
842 3623 1017 3693 metimus
1070 3639 1147 3681 saera
1165 3622 1266 3679 merito
1284 3622 1421 3688 dicuntur,
1435 3622 1497 3693 quia
1514 3625 1571 3677 Deo
1606 3621 1674 3675 ieata
1696 3628 1725 3675 et
1744 3625 1869 3683 saerata,

214 3698 308 3750 nutem
318 3693 352 3749 de
362 3697 514 3764 septimane
527 3693 620 3749 duent
634 3695 819 3749 incaustum
832 3713 842 3749 a
860 3695 1016 3752 Benedictus
1069 3695 1104 3751 de
1118 3710 1236 3767 quorum
1249 3693 1342 3749 itidem
1351 3692 1472 3764 diligenti
1484 3708 1558 3756 cura,
1574 3700 1602 3748 et
1611 3690 1814 3760 custodiaque
1826 3688 1872 3746 bie

215 3781 253 3829 es,
273 3767 392 3828 Borrine,
412 3774 465 3820 etc.
483 3764 577 3821 Solent
603 3772 695 3821 autem
711 3765 830 3837 majores
854 3765 952 3832 nostri,
976 3765 1017 3822 di-
1070 3765 1292 3828 commendatur,
1308 3767 1344 3820 D.
1360 3762 1532 3830 Basiliustln
1544 3766 1664 3820 institut.
1679 3765 1795 3817 mount.
1808 3774 1869 3832 cup.

214 3837 285 3964 tlt*
299 3834 776 3964 ⁸t‘ltttt0d‘llttitl0t
791 3838 1014 3964 ”little
1071 3842 1121 3963 2⁵>
1140 3836 1192 3962 ii
1212 3831 1872 3973 l‘itltltlll‘liitintlttt

246 3924 412 3964 oanu.
544 3923 561 3961 n
717 3923 905 3963 ..sn
1003 3936 1015 3951 ·
1124 3922 1403 3964 rteeonnn.
1647 3921 1655 3959 :

215 3977 411 4035 bdomadarius
422 3977 449 4033 in
466 3976 559 4033 oificio
570 3975 675 4044 divino,
689 3921 733 4033 elui
746 3976 877 4035 incumbit
890 3977 1016 4035 omnium
1071 3924 1134 4035 beret
1147 3981 1177 4034 bi
1191 3981 1240 4049 qui
1250 3983 1406 4049 opmosuur,
1419 3993 1512 4032 curum
1526 3920 1616 4045 Jeee
1629 3976 1869 4042 iuramentum,

216 4049 348 4106 boramm
375 4048 497 4104 citimum
518 4064 567 4105 sua
588 4046 760 4105 bebdomada
780 4048 919 4117 ineboam,
942 4049 1015 4121 capi·
1068 4052 1110 4105 uel
1125 4052 1289 4114 utensilium,
1312 4051 1409 4120 quietus
1491 4051 1592 4103 untur?
1608 4048 1767 4117 Respondet
1786 4062 1793 4099 :
1809 4046 1872 4101 Psi·

217 4121 275 4177 tula
292 4128 319 4177 et
337 4119 470 4178 collectas
488 4134 595 4184 canere,
614 4127 642 4174 et
655 4135 797 4177 summum
816 4123 932 4178 &crum
949 4121 1016 4178 ceie-
1069 4137 1145 4177 mum
1160 4121 1269 4192 quidem
1286 4121 1417 4175 utmdum
1432 4121 1487 4173 ilis
1501 4122 1570 4175 sieut
1585 4119 1657 4172 uasis
1675 4119 1734 4180 Dei,
1747 4117 1790 4172 uel
1807 4131 1870 4187 que

218 4193 309 4273 brana.
325 4192 394 4247 Erat
404 4199 433 4247 et
445 4188 677 4275 hebdomadarius
688 4191 774 4248 lector
784 4192 819 4249 ad
827 4206 951 4249 mensam
960 4211 973 4275 ,ι
981 4191 1016 4274 de
1065 4193 1127 4263 jum
1147 4196 1201 4276 Deo
1217 4196 1370 4275 mnsecrotu
1388 4188 1714 4273 suntsse'eundolquterit
1733 4205 1740 4240 :
1761 4187 1833 4256 Qau'd
1846 4189 1873 4241 si

216 4262 1017 4413 stantialistdttttlsitlldnlttlts
1066 4260 1873 4404 mtlmtlswstltlitltsisttito

217 4399 398 4482 bdomadam,
410 4409 471 4483 tum
484 4402 619 4483 coquinae,
637 4411 698 4458 tum
709 4419 812 4459 mensas
830 4404 975 4461 servitores
986 4413 1015 4460 et
1031 4438 1056 4501 D
1069 4405 1230 4473 sacrilegum
1237 4403 1419 4472 iudicandum
1428 4417 1499 4467 esses
1509 4405 1558 4471 qui
1567 4400 1874 4471 ceroperditperuepli·

217 4477 344 4538 ministrs,
358 4470 503 4552 dequibus
516 4470 560 4527 luc
570 4478 667 4543 egitur.
680 4474 711 4527 ln
722 4488 777 4555 quo
789 4473 899 4542 quidem
911 4472 1013 4542 cilicio,
1070 4478 1199 4545 pennum,
1213 4479 1239 4529 et
1251 4475 1340 4544 ipsum
1351 4474 1438 4528 manile
1451 4476 1550 4528 crium
1563 4475 1711 4534 incurrere,
1720 4487 1772 4542 pro
1784 4486 1825 4533 eo,
1833 4471 1873 4526 in·

217 4549 249 4598 ut
263 4550 363 4612 praeter
386 4542 453 4598 altos
466 4539 549 4597 reiert
568 4541 652 4622 abbas
672 4544 778 4612 ltegrno
799 4545 872 4610 (bio.
888 4543 939 4614 m),
956 4559 1015 4601 sese
1069 4546 1137 4617 quit,
1152 4545 1224 4616 quod
1233 4547 1323 4600 omnio
1337 4560 1398 4614 quc
1409 4544 1670 4599 aduescentem
1681 4543 1874 4612 Beidepntutu

217 4613 435 4671 Camlumsonus
465 4612 664 4669 illustrissimus
695 4615 846 4671 austrasie
873 4615 965 4686 prince
1006 4655 1014 4682 ,
1068 4621 1142 4680 suut,
1156 4619 1278 4674 Deosiue
1293 4616 1373 4670 debeo
1385 4620 1539 4670 massaneto
1552 4620 1625 4669 sunt.
1638 4614 1730 4669 Tertio
1745 4611 1870 4685 quaerit:

216 4697 361 4739 summum
377 4683 492 4755 praebuit
506 4682 666 4739 bumilitstis
679 4693 706 4740 et
718 4684 855 4755 patientiae
866 4701 1013 4758 asemper.
1071 4689 1141 4757 Quid
1154 4691 1180 4743 si
1189 4704 1207 4741 a
1219 4689 1305 4758 seipso
1322 4678 1613 4742 commodaremluev‘u't
1629 4685 1721 4747 olunt,
1740 4688 1791 4738 out
1803 4685 1875 4739 occi·

217 4756 288 4812 Cum
309 4754 383 4811 enim
403 4754 496 4811 relicto
516 4761 729 4827 contemptoque
750 4764 860 4828 propter
878 4756 1016 4814 tibristum
1067 4776 1132 4830 pere
1141 4760 1177 4814 ob
1188 4756 1489 4829 aliquoiucspondet:
1509 4761 1659 4826 Tamquam
1670 4755 1786 4810 insoleus
1799 4757 1874 4809 ette-

217 4840 301 4899 regno
316 4834 435 4896 terreno,
450 4827 478 4882 in
496 4825 655 4882 Cassincnse
676 4826 836 4884 coenobium
848 4843 879 4884 se
898 4828 1017 4900 recepis·
1069 4833 1204 4886 mounes
1213 4829 1351 4885 iubemus
1363 4835 1412 4884 est.
1427 4832 1490 4885 Huc
1502 4831 1572 4883 enim
1581 4843 1672 4883 eovum
1680 4829 1730 4898 qui
1737 4813 1874 4896 musnet,

199 4908 270 4966 set,
286 4907 326 4966 ¹et
345 4897 431 4971 rigida
453 4897 540 4966 sancti
562 4897 699 4954 Benedicti
721 4897 860 4972 disciplina
879 4899 1016 4956 devinxis-
1070 4907 1096 4958 et
1108 4917 1201 4956 mrem
1213 4901 1421 4971 depenomms
1437 4904 1544 4969 panant,
1557 4901 1649 4968 effluo
1663 4899 1779 4968 ptupm'o
1797 4901 1873 4953 sut.

217 4978 269 5036 set,
290 4968 387 5027 accidit
404 4977 435 5026 ut
448 4968 680 5026 hebdomadarius
700 4967 736 5026 sd
755 4969 880 5044 coquinae
892 4969 1016 5029 cilicium
1070 4975 1137 5029 lime
1158 4973 1280 5028 Basilius.
1307 4972 1410 5026 Eodem
1425 4970 1510 5026 nvodo
1535 4972 1570 5025 D.
1595 4968 1758 5025 Benedictus
1777 4973 1876 5023 monet

215 5039 402 5110 deputaretur.
418 5039 489 5097 Cum
503 5049 596 5097 autem
608 5039 637 5096 iu
651 5040 746 5098 multis
760 5043 917 5114 ignoranter
928 5041 1016 5099 otien-
1071 5045 1190 5115 (Copae
1203 5042 1339 5113 Requlet
1352 5049 1382 5098 ut
1392 5042 1523 5099 cellerius
1532 5042 1696 5096 omniouosu
1704 5040 1873 5104 manuscrit

216 5108 304 5177 deret,
325 5124 431 5182 coquus
448 5111 512 5168 vino
535 5118 689 5167 exaestuans
705 5121 748 5168 ter
769 5113 794 5169 ei
808 5114 915 5186 alapam
930 5113 1016 5180 dedit,
1070 5119 1248 5184 uacuumque
1265 5113 1505 5177 subsannamus
1525 5115 1550 5167 si
1564 5113 1664 5167 ulteris
1681 5126 1749 5166 uaso
1762 5113 1875 5165 somate

215 5179 293 5262 quod
307 5179 481 5262 ipseplacido
493 5180 570 5236 vultu
585 5181 704 5252 pertulit.
719 5181 773 5239 ssd
791 5185 894 5241 asoeio
912 5183 1017 5256 prodita
1071 5188 1229 5257 cottspieiot;
1244 5183 1318 5256 quod
1334 5184 1450 5255 intellige
1460 5199 1515 5238 non
1533 5182 1682 5254 aequaliter,
1695 5181 1742 5238 sed
1756 5195 1875 5252 propur-

216 5264 276 5322 eJus
296 5249 435 5322 dvgmmte,
454 5251 582 5320 deinceps
601 5267 666 5307 cum
685 5266 784 5325 magna
803 5254 951 5311 reverentia
975 5263 1018 5311 est
1071 5257 1218 5323 tionaliter,
1231 5265 1262 5311 ut
1274 5255 1632 5310 ait'l'urrecsesnatus:Hoc
1645 5258 1694 5316 est,
1704 5253 1875 5323 prosecute

216 5322 386 5378 observatus.
407 5320 506 5379 Scribit
526 5321 608 5377 etiam
631 5323 667 5377 D.
690 5322 845 5380 Bernartius
865 5325 900 5381 de
920 5334 1016 5382 saneto
1069 5334 1095 5383 ct
1103 5330 1277 5399 proportione
1289 5328 1335 5381 sui
1351 5326 1454 5394 prodes
1474 5331 1501 5380 ct
1512 5325 1616 5385 endiasis
1627 5326 1699 5379 iuter
1713 5338 1755 5378 res
1766 5337 1872 5378 socrus

218 5390 360 5458 tdalacbie,
373 5392 448 5463 quod
464 5392 522 5464 ipse
536 5391 563 5447 in
578 5393 746 5449 monasterio
762 5393 903 5462 lbiaoensi,
920 5395 949 5450 in
967 5411 1016 5453 or·
1068 5400 1139 5454 Sunt
1154 5401 1224 5454 cuim
1234 5398 1320 5452 multu
1334 5413 1425 5451 rerum
1436 5411 1578 5452 suesorum
1589 5411 1697 5465 poure,
1711 5398 1742 5449 ut
1753 5397 1832 5449 rvotet
1840 5393 1872 5450 S.
1918 5428 1921 5437 ·

216 5463 279 5519 dine
294 5462 360 5518 vicis
373 5478 441 5528 suae,
456 5462 580 5535 quamvis
593 5462 737 5535 episcopus
752 5464 879 5533 eximens,
892 5466 1016 5539 coquinas
1071 5471 1184 5525 Titemos
1197 5473 1255 5535 Μ,
1270 5485 1297 5538 q.
1311 5473 1359 5538 59,
1376 5473 1431 5522 ert.
1446 5473 1473 5529 ³.
1495 5470 1525 5521 in
1538 5482 1654 5536 quonum
1662 5473 1797 5536 postremo
1806 5469 1875 5519 suut

217 5533 365 5615 ministerio
389 5534 559 5604 inserviebat,
583 5541 611 5592 et
637 5533 767 5591 iratribus
795 5537 1016 5597 recumBentibus
1072 5539 1727 5597 uomentemmmetmeuosteaurum.ttursus
1740 5549 1872 5606 eapseq.

216 5604 397 5687 ministrabat.
449 5672 456 5687 ι
508 5674 514 5687 ⁸
1069 5611 1164 5668 statuit
1174 5614 1210 5667 l).
1225 5610 1399 5677 Benedictus,
1412 5614 1444 5665 ut
1456 5612 1482 5665 si
1489 5613 1551 5680 quis
1561 5607 1670 5664 sordide
1681 5607 1875 5677 outneqliqcn·

248 5680 262 5708 ⁸
277 5674 417 5732 unucula
430 5674 473 5731 luc
488 5673 586 5732 dveitm
598 5691 681 5748 parva
692 5676 751 5733 lens
769 5675 824 5743 lest
841 5678 916 5735 enim
934 5680 1015 5738 dimi·
1071 5688 1164 5738 terres
1182 5684 1340 5738 monosterii
1354 5683 1523 5744 tractaverit,
1543 5682 1616 5736 coni
1641 5682 1646 5693 '
1664 5685 1724 5746 tum
1737 5685 1763 5735 et
1780 5680 1873 5734 unos

214 5745 340 5811 nutivunv
352 5761 368 5803 a
381 5746 482 5819 lente),
495 5760 581 5822 genus
591 5747 734 5821 leguminis
747 5751 813 5807 satis
824 5759 934 5831 notum,
950 5752 1015 5811 lenti
1071 5754 1263 5819 smmdoucrit,
1278 5752 1431 5835 libamine
1442 5753 1567 5822 sequuti
1575 5766 1609 5807 su
1633 5751 1726 5809 'eoem

212 3059 302 3128 ipsum
322 3057 350 3111 in
376 3055 489 3111 concilio
513 3054 725 3138 aquisgranensi
751 3055 833 3126 (cop.
861 3056 939 3128 12³),
964 3055 1013 3113 aed
1030 3048 1052 3112 C
1067 3072 1148 3114 xvm
1163 3073 1189 3114 e.
1206 3062 1248 3113 1².
1268 3058 1323 3112 Pro
1338 3056 1416 3128 eujus
1429 3054 1531 3122 edulio,
1551 3069 1600 3108 seu
