3848 6158
134 278 185 332 int
805 265 947 322 JOANNlS
965 263 1117 320 CASSlANl
1737 259 1791 314 tae

135 398 189 454 alio
207 411 291 468 quam
302 394 355 455 boo
368 393 434 450 vitio
450 393 586 465 dejectum
600 390 710 447 coelitus
723 386 896 456 invenimus,
907 396 936 445 et
948 393 975 454 Α
988 387 1109 445 remedia
1130 393 1259 459 poteramt
1271 385 1353 442 malis
1373 382 1570 440 valetudinibus
1586 381 1727 451 exhiberi,
1742 381 1796 440 nisi

135 507 168 548 ex
189 491 235 547 illa
263 491 343 546 beata
371 487 535 558 sublimique
558 484 719 557 angelorum
743 484 861 541 statione
880 482 934 540 telo
990 483 1064 554 prins
1081 466 1255 554 inquisitione
1274 479 1362 553 sagaci
1384 478 1503 552 origines
1515 492 1610 534 aarum
1631 476 1797 550 investigen-

135 584 269 657 superbiar
289 582 463 639 vulneratum
486 579 521 636 ad
542 576 648 636 inferna
668 578 753 635 tuisse
772 578 934 650 collapsum.
989 583 1036 632 tur
1054 583 1080 631 et
1094 589 1194 632 eausae.
1213 574 1265 629 llio
1278 587 1396 644 namque
1417 569 1528 627 indutus
1543 568 1634 626 divina
1653 566 1795 640 claritate,

136 679 163 737 Si
176 678 258 751 igitm
273 684 377 731 taritam
398 674 527 729 virtutem
543 679 571 728 et
588 679 673 728 tantae
687 671 816 739 potentiae
832 685 937 741 prrero-
990 677 1017 725 et
1030 668 1102 725 inter
1120 675 1234 725 caeteras
1254 680 1387 739 supernas
1404 664 1518 720 virtutes
1537 660 1695 721 Conditoris
1713 662 1796 733 largi-

135 772 224 845 gativn
237 769 394 826 decoratam
410 782 463 822 una
476 766 556 822 elatio
568 765 661 822 cordis
672 766 763 836 potuit
771 764 806 821 de
819 765 936 822 eoelasti-
987 766 1046 818 tate
1065 760 1246 834 praelulgens,
1265 759 1438 832 splendorem
1454 755 1595 829 sapientiae
1612 763 1640 812 et
1659 755 1795 815 virtutum

135 864 186 921 bus
200 862 234 919 ad
247 871 355 917 terrem
367 859 520 930 devolvere,
534 875 587 932 qua
596 875 648 915 nos
660 858 833 915 observantie
845 857 938 914 earnis
992 854 1220 930 pulchritudinem
1239 869 1293 926 qua
1313 853 1462 909 ornabatur
1475 851 1560 924 gratia
1575 850 1726 920 creatoris,
1740 865 1797 908 na-

136 953 281 1026 lragilitnte
294 953 478 1010 circumdatos
492 969 587 1009 cavere
600 960 738 1024 oporteat,
751 951 836 1025 ipsius
849 951 937 1008 ruinae
990 958 1060 1008 turae
1073 964 1130 1007 suae
1146 948 1280 1026 potentia,
1294 962 1352 1003 non
1366 944 1559 1003 munificentiae
1573 943 1645 1001 illius
1658 943 1797 1004 benetieio

100 1047 104 1055 ’
135 1047 295 1119 magnitudo
314 1046 494 1104 demonstrat.
514 1045 753 1129 Quemadmodum
775 1062 839 1102 vero
856 1044 938 1118 hujus
991 1058 1020 1102 se
1037 1041 1154 1117 eredidit
1168 1041 1300 1099 obtinere.
1321 1043 1354 1096 lit
1368 1038 1405 1095 ob
1423 1036 1732 1108 bocelatustamquam
1746 1037 1797 1110 qul

136 1141 227 1197 morbi
255 1141 329 1197 virus
356 1139 617 1211 pemiriosissimnm
645 1137 814 1206 devitemus,
837 1137 937 1195 instrui
991 1137 1026 1196 ad
1044 1135 1274 1210 perseverantiam
1288 1133 1412 1207 puritatis
1427 1130 1611 1204 bujusdivino
1626 1146 1682 1187 non
1700 1139 1798 1204 egeret

136 1235 304 1306 poterimus,
322 1233 344 1289 si
366 1234 452 1290 ruinas
473 1233 558 1305 ipsius
574 1248 676 1310 ‚musas
697 1241 778 1304 atqua
804 1232 937 1304 originem
992 1229 1103 1298 auxilio,
1120 1232 1204 1286 ‘Deo
1216 1229 1256 1299 :se
1272 1226 1388 1283 similem
1400 1224 1549 1298 judicavit,
1565 1232 1660 1297 utpote
1673 1223 1720 1296 qui
1732 1221 1798 1281 nul·

137 1330 343 1398 persequamini
362 1328 519 1398 Numquam
537 1327 611 1382 enim
632 1325 721 1382 curari
741 1327 866 1398 languor,
888 1340 938 1381 neo
991 1324 1044 1381 lius
1066 1322 1213 1395 indigeret,
1236 1317 1577 1394 quemadmodumbeus,
1599 1316 1675 1374 liberi
1694 1317 1799 1376 scilieet

691 1457 818 1510 Aranni
837 1455 950 1512 onam
967 1451 1246 1538 conventuales.

160 1585 193 1624 na
214 1567 315 1626 deinde
337 1576 483 1625 consecuta
508 1569 545 1625 sit
565 1568 676 1626 invidia.
700 1568 732 1625 ld
753 1569 826 1624 euim
849 1571 944 1625 Patres
994 1565 1337 1638 ·mum·notis,superbia,
1351 1562 1684 1692 ingpamqethumili'tate
1697 1562 1798 1620 distin

140 1586 240 1696 diserte
257 1639 405 1694 albrmant.
422 1642 457 1694 D.
479 1640 663 1711 Hieronymus
681 1640 760 1710 epist.
781 1645 816 1695 15
836 1656 843 1692 :
861 1642 944 1696 Sata·
998 1641 1052 1712 gui.
1068 1639 1121 1696 Sed
1134 1638 1219 1695 satim
1236 1638 1328 1710 ipsum
1342 1651 1376 1691 au
1396 1650 1433 1690 ire
1447 1649 1503 1691 suis
1516 1631 1607 1690 verbis
1627 1633 1655 1691 ul
1669 1641 1799 1691 astrum„

140 1726 207 1777 rias,
226 1710 330 1780 inquit,
346 1726 379 1764 en
399 1711 580 1778 urebanqelieo
602 1711 714 1778 {astigia
736 1725 788 1764 non
806 1711 892 1765 alium
911 1712 944 1765 ob
998 1719 1065 1766 tem.
1086 1709 1162 1778 Qraod
1178 1725 1262 1773 nunc,
1277 1707 1382 1778 inquit,
1399 1709 1428 1760 in
1442 1707 1550 1760 mittete
1568 1707 1800 1768 aetatemfuit

140 1782 322 1843 cuusnm,nisi
332 1781 363 1834 ab
375 1783 542 1835 contrariom
554 1782 703 1835 humilitati
709 1781 863 1851 superbiam
874 1783 941 1836 ruit.
999 1784 1047 1838 liei
1055 1783 1084 1836 in
1099 1782 1146 1836 boc
1155 1780 1248 1836 soeoulo
1259 1779 1457 1860 permrinnnti,
1466 1779 1587 1832 manime
1597 1777 1798 1832 commendatiis·

141 1853 176 1906 D.
202 1850 373 1932 Augustinus
397 1850 443 1905 lib.
465 1866 512 1907 1111
534 1850 568 1906 de
592 1851 707 1906 Civitate
726 1866 785 1921 rap.
809 1857 825 1905 6
847 1869 854 1906 :
878 1854 943 1909 Cum
998 1853 1150 1914 bumilitate,
1164 1856 1189 1906 et
1202 1852 1302 1919 iuepus
1318 1864 1391 1917 repe,
1408 1849 1456 1916 qai
1471 1850 1510 1902 est
1523 1847 1660 1910 Christus,
1676 1849 1797 1903 murinae

142 1937 234 1985 cnusn,
250 1914 348 1993 iuquit,
364 1923 480 1976 miseriae
491 1923 622 1977 nselmum
637 1923 790 1990 urrpelorum
802 1925 942 1991 qrroerttm,
995 1918 1798 1993 praedicatummretrariamquebuicoirtutielationisvitium

141 2008 172 2047 eo
185 1995 280 2047 merito
293 1995 416 2054 occurrit,
430 1993 502 2062 quael
513 1992 546 2046 nb
560 1994 605 2047 illo
619 1997 668 2062 qui
681 1998 831 2048 summersi
845 1996 942 2057 aeusi,
960 1981 985 2042 B
999 1997 1028 2048 in
1039 1994 1097 2062 ejus
1107 1993 1270 2054 aduersario,
1284 1992 1334 2060 qui
1341 1993 1380 2044 est
1390 1989 1522 2051 diabolus,
1534 1991 1653 2043 manime
1660 1989 1799 2044 dominari

141 2063 179 2117 uel
191 2066 289 2132 seipsos
302 2065 418 2116 conversi
432 2067 504 2126 sunt,
520 2064 632 2132 quinon
644 2078 743 2116 summe
756 2067 819 2118 sant
834 2083 842 2118 :
858 2071 883 2120 at
895 2065 942 2120 boe
995 2066 1079 2120 saeris
1093 2064 1193 2117 litteris
1207 2061 1345 2127 educatum
1356 2060 1475 2129 protana
1493 2059 1543 2113 illa
1558 2064 1583 2114 et
1598 2074 1701 2128 magna
1712 2058 1797 2129 diffe-

140 2136 237 2210 eitium
245 2133 397 2202 quidaliud
406 2149 488 2202 quarn
499 2134 624 2202 superbia
633 2137 823 2202 nunuapatur?
832 2136 943 2190 initium
996 2137 1095 2196 roratio,
1111 2149 1166 2203 quo
1180 2134 1284 2195 nudas,
1297 2131 1368 2185 unde
1382 2130 1526 2198 loquimur,
1539 2135 1655 2200 utroque
1664 2129 1797 2185 ducenti·

141 2205 242 2272 quippe
261 2205 346 2257 amaris
362 2206 467 2272 percuti
486 2209 526 2258 est
543 2205 680 2274 superbio.
699 2204 753 2259 Cur
771 2213 863 2260 autem
884 2205 942 2261 sola
997 2210 1043 2260 tur
1056 2224 1064 2259 ε
1078 2204 1361 2259 urrusoilicetsocietas
1372 2203 1480 2270 piorum
1491 2200 1637 2264 bominum,
1648 2201 1797 2256 meruim-

142 2272 271 2344 superbia
288 2280 316 2328 et
330 2273 426 2328 invidia
442 2273 471 2329 in
487 2274 589 2345 angelis
601 2289 660 2330 esse
675 2275 795 2344 possint,
811 2276 944 2330 rationem
995 2279 1122 2345 pio-rumr
1136 2274 1242 2342 stragula
1256 2287 1366 2342 quaeque
1380 2287 1439 2326 curn
1453 2272 1556 2340 anpen's
1573 2272 1610 2327 ad
1620 2273 1798 2342 sepertinere-

142 2343 259 2398 insinuat
273 2346 309 2399 D.
329 2343 464 2412 Thomas,
498 2344 553 2401 uod
572 2344 631 2401 baec
648 2344 706 2400 sola
728 2344 790 2400 vitia
805 2361 871 2416 pure
885 2346 944 2417 spi·
999 2347 1081 2409 tibus,
1092 2348 1122 2399 in
1132 2346 1230 2415 quibus
1237 2345 1372 2414 praecessit
1382 2344 1431 2396 baa
1439 2357 1516 2396 amor
1524 2344 1581 2406 liei,
1591 2342 1729 2396 maumas·
1739 2344 1795 2397 sui.

141 2413 340 2495 ritualiausint,
356 2360 510 2486 evrjusmoii
525 2430 584 2498 esse
601 2423 711 2486 oportet
730 2416 842 2498 quain
863 2426 943 2472 natu·
999 2418 1039 2472 lta
1061 2416 1237 2498 Augustinus.
1256 2413 1305 2524 §ui
1324 2412 1459 2494 consentit
1475 2414 1510 2467 D.
1527 2410 1671 2495 Gregorius
1693 2426 1798 2468 xxxxv

141 2484 859 2636 rrstallum,tritennarium
872 2489 946 2614 ln
996 2481 1796 2625 latritrinae-tunulum.itan*

142 2632 224 2681 tentia
238 2627 270 2679 B.
285 2625 412 2696 Gregorii
426 2629 492 2693 (Lib.
507 2642 586 2683 xxxt
599 2628 694 2684 dlorul.
707 2643 729 2682 e.
746 2633 791 2695 at)
804 2643 944 2699 eompara-
997 2626 1133 2694 diabolus)
1146 2643 1196 2682 rere
1207 2627 1308 2682 dieitur
1318 2624 1501 2695 superborum,
1512 2628 1601 2694 operte
1614 2625 1797 2693 cognoscimus

141 2697 218 2752 tione
239 2696 404 2762 carnalium,
423 2713 521 2769 nempe
539 2699 609 2769 gulae
626 2706 654 2753 et
675 2698 804 2767 luxuriae,
821 2714 883 2771 quaa
898 2713 945 2755 vo·
997 2700 1070 2769 quod
1078 2699 1304 2753 euidentissimum
1316 2695 1486 2766 reproborum
1495 2697 1602 2764 sigrium
1610 2695 1738 2766 serperbia
1747 2698 1796 2758 ert,

142 2766 245 2836 luptate
258 2768 362 2823 carnali
377 2769 563 2841 complentur,
581 2777 674 2824 tamen
689 2767 813 2824 absolute
827 2777 854 2826 et
867 2784 944 2826 mere
997 2775 1027 2825 at
1036 2774 1126 2824 eontra
1135 2765 1433 2823 bumilitaselectmurn.
1445 2767 1510 2822 dum
1521 2780 1580 2835 erpo
1591 2781 1674 2834 quam
1685 2766 1798 2835 quisque

143 2837 294 2910 spiritualia
307 2838 361 2894 diei
382 2854 438 2894 non
453 2847 583 2910 possunt,
597 2840 832 2909 quinceiobjeotu
846 2841 945 2895 babent
980 2841 1094 2896 ‘babent
1115 2842 1274 2908 agnoscitur,
1298 2838 1348 2893 snb
1373 2852 1425 2907 quo
1447 2852 1507 2905 repe
1529 2837 1628 2891 militat
1648 2837 1794 2891 inuenitur.

144 2910 305 2978 corporolia,
315 2911 356 2963 nel
365 2912 529 2979 corporalem
538 2912 690 2989 passionem
702 2914 857 2979 supportant
868 2915 894 2964 et
903 2912 945 2966 in·
1001 2913 1188 2980 Unusquisque
1197 2912 1268 2964 enirn
1279 2911 1360 2978 quasi
1367 2908 1509 2979 qreerndarn
1519 2907 1628 2962 titulum
1635 2910 1729 2976 portat
1738 2920 1798 2978 ope-

144 2980 265 3033 oludunt.
277 2982 413 3035 Auaritia
422 2983 492 3034 enirn
504 2980 632 3049 otpertum
644 2984 683 3033 ast
689 2982 816 3049 pecunia.
826 2983 872 3035 lra
882 2995 943 3036 nero
997 2984 1046 3044 ris,
1064 2997 1116 3050 quo
1130 2982 1212 3049 facile
1224 2979 1348 3035 ostendat
1359 2979 1408 3034 sub
1419 2979 1494 3049 cujus
1504 2981 1605 3033 seruiat
1611 2981 1745 3047 potestate
1753 2992 1796 3034 re·

144 3065 204 3104 oum
218 3050 338 3118 quadarn
349 3051 833 3119 passioneest,sioutconurpiscentiu
849 3069 857 3104 ε
873 3051 945 3106 unde
997 3053 1084 3107 eteris.
1101 3052 1273 3120 Undeetper
1285 3051 1460 3119 Eaanpelium
1473 3049 1571 3104 dieitur
1585 3051 1650 3105 :Ea
1662 3048 1797 3116 nautae
1828 3069 1832 3076 ’

145 3121 205 3190 ipsu
221 3121 250 3172 in
268 3119 432 3174 damonibus
446 3135 501 3174 esse
513 3135 567 3175 non
575 3124 678 3191 potest,
691 3122 745 3175 nisi
756 3123 942 3192 uaetoplron'ee.
997 3138 1088 3178 aarum
1101 3125 1257 3192 cognoscetis
1271 3136 1313 3176 eos
1330 3121 1436 3191 [blattis.
1451 3124 1520 3186 vti).

144 3190 318 3246 Aradionem
333 3195 372 3244 est
383 3191 507 3259 quedam
520 3193 646 3254 tristitae,
662 3207 717 3261 que
731 3193 806 3247 borno
819 3192 945 3248 redditur
1032 3196 1046 3225 ⁸
1058 3193 1159 3266 Magna
1172 3191 1286 3265 quaestio
1301 3191 1371 3247 inter
1385 3189 1543 3262 theologos,
1558 3205 1593 3246 an
1611 3196 1639 3244 et
1656 3187 1796 3260 quomodo

145 3261 241 3316 tardus
255 3262 292 3346 ad
305 3262 461 3344 spirituales
474 3266 551 3317 octus
563 3267 674 3346 propter
690 3264 854 3334 corporalem
868 3264 944 3318 labo·
998 3263 1106 3347 lucifer
1123 3263 1267 3390 Ἓρειίθζίῑ
1279 3270 1381 3345 esseut
1400 3265 1490 3343 Deus,
1507 3268 1554 3317 aut
1566 3259 1661 3315 similis
1674 3273 1733 3316 esse
1748 3258 1795 3315 Al·

145 3333 980 3484 tnnnlunellacllnnnttrlntlnntc
998 3341 1118 3461 tillir
1139 3334 1348 3476 ..intuli
1364 3327 1797 3486 trtilniultltniftt

146 3473 267 3526 manebus
285 3479 574 3543 competerepossunt:
596 3477 637 3529 ita
655 3479 775 3544 tamenq
841 3477 946 3530 inuidia
999 3491 1052 3547 qua
1069 3474 1116 3531 hio
1134 3476 1234 3548 agittu.
1255 3475 1345 3547 Quam
1368 3483 1546 3546 quaestionem
1553 3513 1566 3556 2
1580 3480 1612 3528 ut
1627 3471 1798 3528 subtiliorem

146 3556 199 3595 non
213 3548 334 3596 samanar
345 3549 538 3613 propassione,
552 3544 599 3599 sed
606 3560 657 3614 pro
669 3546 946 3601 noluntaterenitante
999 3553 1027 3602 et
1039 3545 1215 3617 prolixiorem
1234 3559 1318 3616 quam
1336 3545 1424 3601 nostri
1445 3544 1559 3600 instituti
1580 3542 1651 3599 ratio
1669 3540 1754 3608 ierat,
1766 3540 1797 3598 li·

147 3611 213 3691 bnno
227 3613 349 3665 alterius.
365 3614 406 3666 lta
420 3616 448 3666 S.
465 3612 595 3668 Thomas.
609 3613 693 3670 Addit
707 3622 800 3670 tamen
811 3614 866 3670 duo
883 3630 946 3671 mo·
999 3615 1108 3672 beotius
1123 3615 1326 3687 praeterissem,
1339 3614 1393 3672 nisi
1405 3614 1464 3671 baee
1480 3622 1507 3671 et
1519 3613 1570 3670 alia
1582 3612 1710 3671 Auctoris
1724 3611 1797 3670 diota

146 3688 207 3736 nita
222 3680 262 3761 ¹ad
277 3681 377 3736 trorum
387 3682 606 3763 'intelligentiam
621 3684 801 3756 pertinentia,
814 3700 864 3741 nec
878 3701 946 3757 prae·
999 3685 1160 3743 nonnullam
1174 3686 1233 3759 ejus
1248 3685 1287 3742 rei
1300 3685 1512 3757 explicationem
1529 3684 1710 3756 requirerent.
1726 3684 1798 3740 Sunt

145 3751 333 3808 termrttenda.
347 3755 473 3810 Primum
485 3769 549 3808 eum
559 3753 660 3810 dieitur
671 3754 846 3811 solummodo
857 3771 947 3827 super·
999 3765 1092 3813 autern
1107 3756 1160 3812 bae
1170 3757 1199 3812 in
1212 3771 1244 3812 re
1263 3765 1319 3813 tres
1334 3756 1476 3813 sententiae
1490 3754 1663 3818 illustriores,
1677 3767 1798 3825 quarum

146 3821 221 3878 biam
239 3831 267 3878 et
282 3823 412 3880 invidiam
426 3822 599 3881 daemonibus
611 3830 779 3896 competere,
792 3826 945 3898 intelligen·
999 3826 1068 3883 duas
1081 3826 1163 3883 reiart
1177 3831 1212 3883 D.
1231 3827 1353 3884 Thomas
1371 3825 1413 3883 liis
1434 3826 1523 3884 verbis
1544 3847 1550 3883 :
1566 3825 1681 3894 Angelius
1695 3824 1744 3880 abs

145 3891 212 3951 dum
227 3908 287 3975 esse
297 3894 458 3977 'secumdum
480 3895 622 3952 allectum.
637 3899 706 3954 illurn
725 3898 869 3954 secundum
886 3914 947 3952 rea·
999 3901 1074 3954 omni
1086 3899 1168 3955 dubio
1178 3901 1305 3969 peccauit,
1320 3898 1469 3970 apparatae
1482 3913 1537 3954 esse
1547 3901 1577 3952 ut
1588 3900 1667 3953 Deire.
1683 3841 1798 3953 nam

146 3969 213 4029 tum,
225 3974 326 4036 inquit.
338 3969 428 4021 omnia
439 3972 549 4037 peecata
560 3971 589 4022 in
603 3967 766 4024 damonibus
780 3984 834 4024 esse
843 3971 948 4025 conun-
996 3975 1085 4040 potest
1099 3970 1218 4040 intelligi
1231 3971 1394 4041 dupliciter:
1406 3984 1458 4024 uno
1474 3969 1551 4025 modo
1560 3983 1611 4038 per
1621 3968 1798 4038 equiparen-

145 4037 200 4105 pit,
220 4038 287 4106 quia
308 4037 372 4092 dum
386 4039 502 4094 homines
518 4039 556 4093 ad
573 4041 787 4109 omniupeeeaiu
799 4040 945 4102 inducunt,
999 4043 1065 4096 tiam
1080 4034 1139 4107 (alii
1154 4041 1249 4098 dicunt
1260 4040 1465 4113 aeqnalitatem),
1481 4041 1536 4095 alio
1546 4039 1624 4094 modo
1635 4053 1686 4109 per
1698 4038 1796 4094 emat·

146 4110 265 4162 omniurn
275 4113 442 4178 peecatorum
455 4114 561 4164 reatum
573 4112 723 4186 inaruerunt.
735 4112 885 4168 Secundum
899 4113 948 4179 as·
1000 4113 1130 4168 tudinem.
1145 4115 1181 4169 lit
1193 4114 1283 4182 primo
1297 4112 1406 4182 quidem
1417 4111 1494 4166 mado
1507 4126 1559 4166 non
1569 4111 1660 4180 potuit
1673 4113 1797 4180 appetere

145 4178 247 4243 sectum
264 4195 325 4233 nero
343 4181 392 4235 illa
409 4181 495 4236 solum
506 4184 617 4252 peemm
633 4184 663 4236 in
679 4182 759 4238 mulis
777 4184 879 4251 angelis
894 4195 948 4237 esse
1000 4187 1096 4238 emeat
1109 4185 1193 4248 Detur
1226 4184 1361 4238 aierunt
1372 4183 1486 4237 became
1500 4179 1663 4251 impassibile
1676 4179 1798 4234 naturali

143 4251 266 4328 possunt,
281 4249 318 4301 ud
331 4266 391 4315 quo
400 4250 799 4322 contingitasfieispiritualem
808 4258 945 4308 naturum.
999 4255 1161 4320 cognitioner
1173 4198 1224 4307 seg
1233 4255 1262 4306 e'n
1275 4255 1322 4308 lroo
1340 4254 1455 4323 appetiit
1467 4267 1521 4307 esee
1537 4251 1636 4306 similis
1652 4255 1716 4318 Deo,
1730 4251 1797 4320 quin

146 4316 326 4383 Speratuulem
346 4324 437 4372 nutem
453 4327 580 4400 naturum
593 4337 646 4376 non
665 4326 797 4392 emninpit
816 4325 894 4393 affici
910 4323 948 4377 ad
1000 4325 1115 4392 appetiit
1125 4327 1156 4377 ut
1165 4325 1243 4392 mem
1252 4324 1378 4378 initimum
1388 4322 1564 4378 beatitudinis
1575 4322 1606 4377 ni
1614 4321 1653 4376 ad
1662 4320 1733 4392 quod
1745 4322 1794 4375 nir·

147 4384 215 4465 oman
226 4400 287 4465 quer
296 4391 358 4467 sunt
365 4403 478 4470 propriu
488 4393 602 4457 corpori,
614 4390 661 4444 sed
674 4391 749 4446 adea
762 4409 821 4462 que
831 4409 860 4446 en
869 4393 946 4448 rebus
1001 4396 1057 4447 tute
1067 4408 1123 4447 sure
1134 4397 1241 4447 nutura
1251 4398 1361 4464 poterut
1368 4396 1515 4464 peruenire,
1525 4396 1648 4448 anninus
1661 4406 1739 4447 suurn
1752 4405 1797 4475 up

145 4454 335 4533 miserantibus
347 4471 462 4536 rnoenarr
470 4462 592 4538 posnani.
605 4457 728 4515 Alterum
737 4463 884 4529 monitum,
894 4463 946 4519 sub
996 4465 1144 4533 patiturne
1163 4464 1328 4519 beatitudine
1342 4465 1546 4534 supernaturali
1551 4504 1561 4531 ,
1578 4479 1639 4534 qua
1653 4467 1693 4518 est
1705 4466 1797 4532 qratia

146 4522 248 4578 rnvrdra
266 4530 294 4578 et
305 4525 444 4606 superbia,
459 4535 539 4607 propt
552 4543 580 4582 rn
600 4526 775 4586 daemonibus
795 4540 945 4656 {J'lllmu‘t
1000 4535 1149 4600 llei3velsi
1159 4536 1360 4604 oppetiitillam
1368 4535 1573 4598 similitudinem
1583 4532 1798 4603 lleiqrtoedotur

145 4592 339 4675 epmpreliendr
357 4610 450 4677 omma
469 4605 531 4678 vitra
547 4605 574 4652 et
585 4606 694 4680 peecata
706 4613 801 4671 quasa
834 4602 886 4657 rllrs
900 4603 946 4660 de-
999 4606 1473 4676 eaqratia,eoluitlrancliubereper
1481 4607 1672 4661 uirtutemsuae
1679 4607 1796 4666 notura,

143 4672 279 4734 rrvantnr,
295 4666 429 4724 ntodrum
445 4670 510 4735 Der,
526 4667 737 4740 blasphemram,
749 4671 844 4728 odium
856 4673 945 4730 homi·
999 4690 1051 4731 non
1070 4682 1105 4731 en
1126 4677 1217 4732 divino
1235 4678 1340 4732 ancilia
1357 4677 1501 4732 secundum
1521 4678 1571 4732 Dei
1586 4676 1795 4745 dispositionem.

143 4751 221 4819 num,
234 4744 285 4793 etc.
301 4738 370 4820 Cum
383 4739 467 4810 igitur
480 4746 586 4822 eonstet
598 4740 717 4811 primum
730 4752 871 4826 peceatum
883 4718 983 4800 ιιι-Β
1000 4749 1067 4804 llaec
1079 4747 1159 4804 verba
1168 4748 1196 4803 S.
1211 4747 1326 4804 Tbomae
1337 4747 1461 4803 nonnihil
1472 4746 1586 4803 obseura
1600 4745 1681 4818 paulo
1697 4743 1798 4800 elarius

143 4806 271 4890 aeternat
288 4825 406 4892 primum
421 4825 548 4867 omnium
563 4819 736 4880 peccatorum
751 4812 878 4871 furssesn
914 4833 945 4872 r·
998 4817 1037 4873 sic
1058 4818 1185 4889 explicari
1200 4826 1324 4889 possunt.
1348 4816 1470 4890 Appetiit
1491 4817 1603 4890 angelus
1623 4815 1721 4872 similis
1739 4826 1798 4871 erse

146 4878 235 4948 biam,
252 4890 348 4960 merito
363 4883 410 4938 SS.
433 4884 542 4964 Patres⁸
560 4884 598 4941 Gr
631 4927 637 4938 .
660 4884 679 4940 l.
700 4899 783 4942 xxxv
803 4888 899 4942 Mora.
920 4904 943 4943 a.
999 4891 1057 4945 Deo
1075 4889 1103 4944 in
1118 4889 1170 4946 boe
1189 4888 1263 4961 quod
1280 4897 1322 4944 est
1339 4896 1438 4945 natura
1454 4903 1504 4945 sua
1522 4902 1581 4944 esse
1600 4885 1732 4956 beatum,
1751 4898 1795 4942 ae·

145 4952 190 5029 Aa)
208 4950 367 5029 superbiam
383 4961 483 5008 vocant
496 4963 593 5010 vitrum
626 4954 784 5024 iabolioum,
797 4957 944 5015 evidentis-
996 4958 1160 5031 quiescendo
1186 4959 1316 5016 nimirum
1344 4959 1374 5014 in
1399 4974 1456 5016 suae
1487 4967 1594 5015 naturae
1623 4955 1796 5024 excellentia,

144 5033 246 5102 simum
259 5033 280 5100 ,⁵¹
299 5023 729 5102 Ι11111111110110111111,1111011111
749 5028 868 5085 civitatis
885 5028 944 5086 dia·
996 5037 1137 5102 tamquam
1159 5028 1213 5086 line
1229 5030 1325 5086 ultimo
1345 5037 1373 5086 et
1394 5045 1443 5099 pro
1464 5030 1504 5085 ria
1518 5028 1660 5095 felicitate,
1674 5027 1797 5109 negocia

146 5087 265 5171 boli,un
296 5095 537 5162 vesturiiensuper
548 5111 637 5176 ornnes
675 5100 941 5170 abssuperbiee,lob.
996 5109 1043 5157 aut
1069 5115 1132 5158 non
1150 5100 1318 5157 considerata
1336 5046 1504 5157 beatitudine
1525 5098 1743 5172 supernaturali,
1763 5094 1798 5154 ad

143 5174 205 5217 xer.
224 5162 297 5216 ilino
311 5162 460 5246 Apostolus
477 5164 489 5217 l
504 5163 537 5246 ad
550 5165 643 5222 Timot
665 5211 671 5222 .
688 5183 725 5224 111
734 5178 812 5250 'vetat
823 5171 943 5226 ordinari
998 5185 1081 5244 quam
1097 5188 1144 5244 per
1157 5171 1207 5229 Dei
1221 5171 1335 5244 gratiam
1345 5170 1456 5227 tendere
1471 5169 1595 5228 debebat.
1610 5170 1709 5226 Statim
1723 5168 1798 5225 enim

143 5231 316 5355 fffflffl
331 5247 370 5358 niz
376 5235 577 5362 'getwirirebalinnri
588 5238 673 5364 alat?
683 5240 714 5292 in
722 5240 859 5364 ppidieium
872 5243 944 5296 inei-
998 5250 1080 5367 ¹atque
1100 5246 1173 5300 Deus
1193 5244 1321 5299 omnium
1339 5241 1466 5299 eonditor
1478 5242 1621 5298 eoelestem
1636 5241 1710 5297 bano
1723 5237 1798 5366 nofbi

145 5384 210 5452 eum
225 5343 461 5456 diabolo-aperie
480 5321 623 5458 insinurfss
640 5318 944 5463 ,ffffiffigffi'ssgfss'ffiffl
997 5313 1677 5457 pffiiffiiffiilgerffigfflbillt'ateffituarfqnue{iiamiatr’n
1687 5312 1799 5437 iffi

144 5438 200 5496 bob
216 5449 415 5524 vitrumqsrenn
430 5461 445 5501 e
458 5447 748 5530 eontrarrolhumrlrtas
762 5465 870 5520 propria
887 5465 944 5507 vrr-
996 5468 1054 5510 suae
1068 5453 1242 5526 dignitatem,
1255 5470 1309 5527 qua
1325 5456 1431 5511 eunetis
1441 5455 1528 5521 ,rebus
1542 5454 1641 5511 ereans
1656 5451 1807 5525 prosette·

145 5518 189 5567 tus
208 5520 249 5567 est
269 5513 382 5583 Christi,
401 5522 432 5598 ¹et
451 5531 547 5598 eorum
565 5534 611 5590 qur
632 5519 775 5601 adipsum
796 5520 939 5590 pertinent.
995 5522 1052 5592 bat,
1068 5526 1210 5582 attendens
1221 5534 1249 5583 et
1262 5525 1407 5599 magnifiee
1419 5525 1538 5590 intuens,
1549 5527 1587 5582 ita
1598 5522 1690 5581 elferri
1701 5522 1798 5596 coepit,

144 5580 276 5665 Undefln.
294 5589 459 5667 Augustinus
475 5587 589 5671 ¹¹b·.¹!v
602 5586 636 5644 de
646 5590 724 5671 Ι(31111ε
741 5606 800 5662 cap.
819 5598 849 5648 13
863 5591 943 5650 docet
995 5601 1124 5668 tantaque
1145 5597 1188 5653 sui
1204 5597 1385 5654 admiratione
1396 5605 1423 5654 et
1441 5597 1570 5670 philautia
1582 5603 1679 5678 caperis
1691 5601 1751 5666 est,
1768 5600 1798 5650 ut

145 5651 214 5735 duas
230 5663 296 5736 istas
313 5664 450 5724 civitates,
466 5659 566 5739 Christi
579 5666 609 5715 et
623 5658 743 5728 diaboli,
759 5661 812 5718 boe
825 5671 881 5728 est,
895 5680 941 5721 so·
995 5681 1052 5731 nee,
1068 5667 1202 5739 rogim-er
1214 5668 1275 5725 lraeo
1295 5668 1367 5726 dona
1388 5683 1416 5724 se
1429 5683 1444 5724 a
1459 5670 1518 5725 Deo
1536 5676 1686 5737 accepisse,
1698 5680 1751 5723 nee
1763 5661 1798 5721 ad

133 5730 433 5803 'cramtempustorum
447 5736 473 5811 et
487 5738 643 5814 societatem
656 5731 821 5802 impiorum,
835 5734 941 5792 arduos
996 5738 1159 5795 ulteriorem
1188 5745 1461 5811 consummatamque
1496 5754 1528 5795 aa
1561 5737 1799 5812 supernaturalem

122 5806 251 5862 pisarum
267 5796 368 5871 duces,
390 5799 532 5859 Clrrrstum
550 5809 578 5861 et
598 5801 755 5876 diabolum,
772 5803 813 5862 bis
831 5806 939 5880 potissi·
996 5805 1193 5868 beatitudinem
1206 5809 1351 5884 aspiraret,
1366 5806 1443 5883 quasi
1456 5825 1505 5868 sua
1519 5816 1593 5868 sorte
1610 5815 1758 5867 contentus
1768 5811 1798 5863 et
