3848 6158
132 195 200 249 inni
447 184 615 243 coneneie
636 184 731 242 liVlll.
748 213 786 227 -
804 184 849 240 DE
868 184 991 242 eniens
1009 184 1202 241 assentitus
1220 182 1472 241 nonncflonuu.
1720 187 1790 245 inat

127 314 297 371 abstinerent
308 320 337 369 ct
359 325 375 367 a
394 317 538 384 parentum
555 324 585 366 se
612 308 755 367 comoedo
780 307 931 380 mundique
945 312 971 375 Α
987 315 1119 365 nazootes
1145 307 1289 380 singularis
1314 323 1346 364 ac
1370 309 1502 366 solitariae
1531 307 1591 366 ritae
1615 308 1789 375 district'mne

127 408 207 466 istius
220 405 427 465 conversatione
442 412 625 475 secernerent,
640 403 769 460 monaehi
783 402 838 459 sivo
852 404 865 435 ¹
878 402 932 459 blo
984 401 1118 458 nominati
1129 410 1205 458 sunt.
1217 401 1298 458 Unde
1307 400 1562 475 consequenstnitb
1578 412 1607 460 ιιι
1618 418 1654 461 ex
1667 419 1793 460 commu·

680 564 808 622 blanel
826 565 938 622 GAZAEI
957 562 1237 621 COMMENTARIUS.

129 726 227 782 biitiiic
246 721 513 792 dimetarisdi'eitnr.
530 720 605 775 Uti-ie
614 720 771 774 morinelium
779 734 829 789 per
842 720 934 772 omitia
985 721 1115 788 suspirio,
1134 723 1160 772 ct
1175 720 1258 774 oeiili's
1271 718 1309 773 nd
1326 719 1420 773 culum
1432 720 1535 782 leuatis,
1553 722 1628 775 intra
1641 736 1670 777 se
1680 722 1788 778 dicere:

129 797 396 866 sinqulariternqere
406 797 515 862 oportet.
529 792 598 847 lime
612 790 660 845 ibi.
676 792 763 846 Porro
777 789 932 845 monacho·
988 790 1054 856 Quis
1064 791 1141 844 dabit
1153 791 1331 860 miliipeiiniis
1343 791 1480 857 columbe,
1493 796 1519 846 et
1531 792 1633 856 eolabo,
1648 796 1674 847 et
1687 797 1791 862 requic-

130 882 196 923 rum
208 881 311 922 nomen
332 864 419 920 etiam
437 862 601 919 auctoritate
624 860 776 941 Scripturas
795 860 934 916 sancitum
987 862 1152 927 sciimlisul.
1162 876 1213 916 niv
1224 862 1252 925 lt
1265 864 1328 915 Post
1338 862 1392 917 bec
1403 862 1543 917 eoiieiliiim
1553 864 1679 930 soluitur,
1693 871 1718 919 et
1727 881 1791 920 una-

131 947 160 994 et
171 945 312 994 sacratum
325 934 387 991 alibi
399 934 557 989 notavimus
570 947 603 987 ex
615 934 650 987 D.
663 934 847 1002 Hieronymo.
988 948 1100 1002 qunque
1122 932 1232 987 deserui
1245 948 1304 986 cnm
1317 948 1364 987 sno
1381 937 1589 1003 parentepereit
1602 935 1640 988 ad
1653 950 1789 1003 mensarii,

166 1009 248 1063 ²Non
259 1003 640 1069 bionozautes,ntl>lantinus
650 1002 771 1059 excudit.
780 1003 852 1057 Nam
861 1002 933 1072 poid—
987 1004 1085 1072 quibus
1097 1018 1148 1072 per
1163 1004 1282 1071 sinpulus
1297 1004 1476 1059 hebdomadas
1487 1006 1606 1059 uicissim
1618 1007 1788 1063 ministrant.

131 1081 178 1148 ζω,
193 1078 288 1147 idest,
302 1077 424 1134 solitarie
438 1090 500 1147 ago.
516 1081 606 1146 Atque
620 1074 673 1130 liae
687 1073 802 1129 nominc
817 1072 933 1128 Basilius
987 1075 1085 1131 il'ullus
1099 1077 1128 1126 i'ii
1137 1075 1193 1127 cibo
1207 1076 1337 1142 strepitus
1351 1079 1400 1136 est,
1414 1090 1489 1130 nemo
1506 1076 1640 1130 comedens
1659 1078 1789 1148 loquitur,

130 1149 235 1222 passim
253 1164 302 1207 eos
321 1154 466 1218 nuncupat
480 1146 510 1202 in
524 1144 675 1202 Constitui.
695 1144 864 1200 blonastieis.
882 1143 933 1199 His
988 1144 1393 1213 ricitnrpenc,leqiiiiiinibnset
1405 1145 1532 1209 oleribus,
1547 1148 1791 1216 qunsalesolocoii.

134 1220 317 1292 porroalllnia
328 1227 396 1275 sunt
407 1225 435 1275 et
445 1216 508 1272 trita
522 1215 594 1288 apud
604 1216 719 1273 Graecos
737 1217 828 1271 Patres
841 1228 933 1269 mona·
988 1215 1116 1279 durature
1127 1217 1415 1270 ei'iiumtentumsenes
1422 1217 1571 1285 acumen&
1582 1219 1712 1285 quibuset
1720 1236 1791 1289 par-

132 1291 250 1348 chorum
263 1290 407 1357 voeabula,
418 1288 540 1359 potestat
554 1287 709 1357 θεραπευταὶ,
719 1284 807 1351 ἱκέται,
815 1284 930 1352 ἀσκηταὶ,
987 1285 1057 1341 culis
1069 1302 1138 1354 supe
1151 1288 1183 1355 tit
1193 1286 1354 1355 prandium,
1367 1290 1399 1340 nt
1412 1286 1530 1341 aliorum
1541 1289 1614 1353 sessa
1627 1294 1790 1345 scrinium

130 1362 263 1434 φιλόσοφοι
288 1360 460 1437 ἀναχωρηταὶ,
487 1357 678 1429 ἔρημοπολίτιιι,
698 1357 848 1426 inspectui,
877 1375 930 1407 noi·
987 1358 1249 1418 aetus,ait'ui·itrtttioit
1260 1357 1560 1427 [rumpaturittcipt‘etts5
1574 1358 1791 1417 debilitabuntur·-

133 1427 933 1502 iobloqetioiiodibtci,aliaqueidgenus,quibus,proloeo·
988 1432 1057 1498 punt
1067 1429 1183 1497 pariter,
1201 1432 1236 1488 et,
1258 1427 1355 1495 liymno
1369 1427 1451 1494 duta,
1466 1429 1503 1483 nd
1510 1433 1646 1500 piroescpia
1659 1432 1789 1489 redeunt:

131 1519 195 1561 runi
208 1503 367 1561 discrimine
381 1503 408 1558 io
418 1500 518 1574 quilius
528 1503 667 1566 riserunt,
678 1509 706 1554 et
721 1515 769 1581 pro
780 1497 933 1580 disciplinae
987 1497 1029 1552 ibi
1039 1513 1124 1567 nsque
1134 1497 1171 1551 ed
1184 1511 1320 1566 uesperam
1328 1513 1387 1552 erim
1398 1500 1455 1553 suis
1464 1502 1649 1570 uniusquisque
1659 1504 1789 1573 loquitur,

132 1575 278 1633 severioris
291 1589 402 1647 genere,
421 1571 502 1628 aliter
513 1578 581 1627 sunt
595 1578 680 1653 atque
692 1571 771 1625 aliter
785 1568 932 1625 nominati.
988 1572 1015 1623 ct
1029 1569 1095 1623 dicit
1109 1586 1118 1621 ι
1135 1567 1250 1625 Vidistis
1261 1569 1354 1637 illum,
1369 1574 1395 1624 et
1406 1570 1508 1625 iilum?
1522 1577 1625 1641 qiuintn
1645 1575 1675 1627 i'n
1688 1576 1745 1643 ipso
1755 1579 1792 1631 sit

170 1640 184 1679 b
198 1645 375 1702 Coeoobiiaea
390 1642 533 1699 communi
549 1642 603 1696 vita
615 1640 694 1705 dieti,
707 1642 773 1711 qnia
787 1640 816 1695 iu
824 1654 935 1721 congre
989 1641 1791 1711 pruritus,quantumsilentium!quammoderatnsineessiis!

133 1717 244 1791 gerione
259 1716 360 1789 paritor
382 1714 568 1771 consistentes
593 1713 676 1768 unius
690 1711 809 1767 senioris
829 1710 934 1783 judicio
987 1712 1021 1767 Si
1030 1713 1166 1779 infirmnm
1174 1710 1300 1778 uiderint,
1312 1712 1482 1768 consolantur
1488 1732 1497 1781 ,·
1509 1714 1535 1767 si
1543 1715 1572 1769 in
1580 1716 1631 1770 Dei
1637 1730 1725 1771 amore
1734 1719 1791 1775 rer.

133 1788 334 1862 gubernantur,
354 1794 386 1842 ut
398 1802 429 1841 su
451 1801 481 1841 ra
499 1782 599 1840 eodeni
617 1799 679 1855 cap.
704 1781 833 1849 liabetur,
847 1781 893 1854 qui
907 1790 936 1836 et
988 1786 1100 1844 centem,
1111 1783 1285 1836 eebor-tantur
1298 1781 1335 1837 ad
1349 1782 1480 1838 studium.
1496 1786 1532 1840 Et
1545 1788 1611 1854 quie
1624 1791 1697 1842 iiocte
1713 1792 1792 1844 cetra

134 1858 280 1943 synoditis,
296 1866 323 1914 ct
336 1802 500 1929 synceliitae,
517 1863 545 1910 et
557 1853 685 1909 cellulani
704 1851 820 1909 Sidonio
834 1850 934 1909 eadem
988 1853 1792 1927 arationespubli'easinsuoeubi'liunusquisqnecipitatci'r-

132 1928 333 2002 significatione
343 1935 488 1991 uocantum
503 1926 585 1997 vulgo
599 1923 759 1980 claustrales
771 1932 799 1979 et
812 1938 936 1979 conren-
988 1929 1111 1978 remeunt
1126 1924 1235 1978 cellulas
1247 1925 1431 1993 sinqidorum,
1453 1930 1478 1981 et
1492 1942 1559 1982 aure
1572 1931 1708 1999 apposita,
1723 1930 1792 2000 quid

135 2002 234 2067 tuales,
255 1998 406 2071 dequibus
429 2004 520 2052 exstat
537 1995 646 2050 novella
672 1994 767 2063 quinta
784 1992 934 2050 iustiniani
988 1994 1793 2079 {miantdiliqentercaplorant:quamtardioremdeprelicn

136 2071 235 2143 imper.
271 2084 313 2125 uae
334 2069 375 2124 sic
398 2066 495 2138 incipit
518 2085 525 2121 z
542 2067 751 2122 correersationis
771 2066 935 2120 monachalis
948 2048 972 2111 Β
987 2064 1087 2128 derisit
1098 2081 1149 2119 nori
1162 2067 1320 2135 increpante
1333 2067 1382 2122 sed
1391 2067 1578 2137 dissimulant,
1591 2071 1664 2140 quod
1673 2078 1790 2139 norunt,-

134 2144 191 2197 ei'ta
208 2145 246 2196 sie
295 2144 428 2206 nestnest,
441 2141 479 2193 ste
494 2137 762 2192 commenderenoei't
775 2136 874 2191 Dcoad
888 2136 935 2191 lice
988 2138 1792 2210 eumsepinseisitant;etprinsincipientespraeoeantma·

134 2216 281 2267 enitentem
293 2213 435 2272 bominem,
448 2214 479 2263 ut
493 2224 595 2262 omnem
612 2209 757 2262 linnianam
773 2206 831 2277 ejus
846 2222 935 2262 maeu-
989 2209 1030 2277 qis
1042 2223 1118 2262 orare
1130 2224 1212 2277 quam
1224 2212 1332 2277 nequiit.
1346 2209 1417 2277 Opus
1427 2209 1591 2265 dieistatum
1605 2218 1655 2281 est,
1665 2213 1792 2283 qnodde-

135 2284 190 2338 lam
197 2284 368 2351 deterqctiet
374 2297 474 2351 parum
480 2295 511 2334 ae
519 2279 679 2333 rationabili
683 2278 933 2341 notui-aderentem,
989 2294 1055 2333 cano
1069 2279 1300 2345 redditumtertnr
1309 2279 1347 2333 ed
1356 2294 1524 2347 econamum,
1535 2284 1791 2353 quietpersinqulas

136 2360 161 2410 et
181 2355 304 2424 plurima
318 2353 462 2407 seeundum
482 2357 596 2405 mentem
610 2353 759 2419 mecedem
772 2353 798 2403 et
811 2349 936 2405 bumam's
989 2363 1091 2405 menses
1099 2353 1176 2420 patri
1182 2352 1301 2405 ninnium
1310 2366 1368 2404 eum
1376 2366 1473 2421 maeno
1487 2353 1697 2410 trunorereddu
1708 2359 1793 2411 rasio.

135 2426 337 2495 equitationibus
351 2424 486 2478 celsiorem
496 2422 604 2476 reddat.
616 2423 648 2477 Si
654 2422 715 2490 quis
728 2422 816 2489 iqitur
823 2422 936 2488 intumis
990 2436 1063 2475 nem:
1072 2438 1089 2475 a
1097 2422 1303 2491 quaetiamcibi,
1314 2423 1569 2489 eumlaetisueriiit,
1578 2430 1791 2497 praemiantur,

135 2502 173 2552 cst
190 2496 332 2550 menoetius
346 2497 489 2564 nolestiis,
501 2494 605 2559 iiidiqet
618 2497 643 2546 ct
655 2492 808 2546 diuinorum
819 2492 936 2560 eloquio-
990 2497 1016 2546 et
1026 2494 1089 2561 qnia
1099 2493 1222 2546 nonlicet
1234 2492 1321 2546 dicere
1335 2495 1471 2562 euiqiiom,
1494 2497 1634 2557 Tunicam,
1645 2500 1671 2551 et
1683 2512 1790 2566 sapum,

136 2584 198 2623 ium
209 2568 368 2626 eruditione,
381 2573 406 2621 et
417 2565 623 2619 acccusationis
637 2564 804 2631 inteqritate,
819 2567 850 2616 ut
860 2566 937 2617 tanta
991 2562 1462 2632 teutaqucjunei'sstratnnonbabeo,
1472 2564 1793 2624 illcitauninersamodc·

135 2640 233 2708 dipriiis
242 2642 333 2704 faetus
345 2639 381 2691 sit
389 2637 544 2691 mutatione.
555 2635 620 2689 Haec
632 2632 682 2698 ibi,
695 2647 757 2703 quae
774 2632 821 2687 hie
832 2632 936 2689 reicere
991 2637 1079 2699 ratur,
1089 2637 1199 2688 atticano
1208 2633 1275 2702 quid
1284 2634 1489 2703 postulet,nemo
1500 2636 1655 2692 nontiabeat
1663 2639 1793 2705 (Videbis

135 2709 224 2779 libuit,
240 2718 302 2765 tum
321 2706 356 2763 ad
382 2707 445 2762 vitae
465 2704 626 2761 monastieae
640 2701 935 2771 commendationem,
991 2704 1793 2776 lieri‘miiscnoli'um).siqntsicrocepcrtticprotnre,tiaris

135 2788 197 2837 turn
221 2779 256 2836 ad
281 2776 487 2834 monachornm
508 2784 536 2831 et
554 2774 758 2831 eoenobitarurn
783 2774 936 2831 salutarem
990 2774 1398 2843 lertnradeeedramlatiorem,
1416 2780 1529 2831 ettanto
1543 2782 1793 2837 seiinmministeiio

135 2850 360 2905 instructionem.
374 2850 408 2903 D.
425 2846 595 2902 Benedictus
609 2846 686 2915 (Cap.
705 2846 802 2915 llice.)
820 2864 826 2899 :
845 2848 938 2901 Mona-
990 2847 1137 2912 relevetur,
1156 2850 1187 2898 iit
1198 2860 1244 2899 nce
1255 2846 1365 2900 delicias
1383 2847 1503 2911 armum,
1517 2863 1564 2904 nec
1579 2852 1674 2906 matris
1688 2856 1793 2922 quierat

137 2921 254 2982 eborum,
269 2920 297 2972 in
318 2920 370 2984 uit,
380 2922 500 2987 priimum
513 2932 595 2985 qciius
608 2918 810 2983 cenobitarum,
825 2917 872 2971 liae
887 2921 935 2978 cst,
991 2915 1128 2984 affectem.
1143 2918 1287 2972 Dominicis
1296 2916 1391 2973 diebus
1400 2920 1661 2978 mationitantiimet
1672 2924 1795 2979 lectioni-

138 2936 325 3044 monnsteiiuie
353 2988 474 3041 militans
496 2987 545 3041 sub
555 2988 674 3066 ¹ltequla,
695 2988 736 3040 uel
758 2986 863 3043 abbate.
879 2986 936 3043 Ubi
991 2984 1039 3041 bus
1053 2992 1151 3041 uacant
1164 3007 1173 3055 ,·
1185 2986 1257 3057 quod
1266 2988 1375 3056 quidem
1389 2994 1414 3044 et
1427 2991 1503 3043 omni
1515 2994 1641 3060 tempore,
1656 2996 1795 3065 eompletis

138 3058 302 3131 conjunctio
321 3056 482 3128 disjunctiva
496 3064 611 3127 ponitur
633 3070 682 3127 pro
695 3055 881 3126 conjunctiva,
907 3065 939 3113 ut
991 3058 1135 3126 opiiseuli‘s,
1145 3058 1398 3125 faduntonotidic
1407 3060 1513 3129 aliquid
1520 3061 1709 3133 descripturus
1718 3066 1796 3120 disci·

138 3137 237 3186 notant
252 3130 427 3200 interpretes,
438 3126 513 3181 utsit
522 3141 622 3182 sensus
636 3142 643 3178 ι
661 3126 718 3181 Sub
728 3126 833 3208 Regula
845 3135 874 3183 et
887 3125 936 3183 ab·
993 3132 1047 3182 tur.
1062 3129 1198 3198 ieiunium
1212 3130 1294 3183 totius
1306 3131 1375 3184 anni
1384 3131 1487 3199 uqiiale
1500 3137 1549 3200 est,
1564 3139 1675 3204 occepta
1684 3136 1795 3202 Quaen.

137 3201 212 3257 bate.
223 3198 372 3257 Cuisimilc
386 3196 547 3267 exemplum
566 3195 633 3251 citat
646 3195 816 3253 Trithemius
830 3212 863 3252 eri
874 3196 938 3268 juro
992 3200 1104 3267 aesino,
1119 3202 1147 3253 i'n
1170 3216 1225 3269 qua
1243 3200 1299 3255 sola
1310 3201 1462 3256 emendices
1482 3202 1636 3259 distentius
1656 3208 1753 3263 ,qvem
1768 3209 1795 3265 Α

138 3271 284 3328 canonico.
304 3270 389 3327 Addit
410 3271 638 3323 Turreerematns
650 3265 806 3322 notandum
822 3267 896 3338 quod
909 3267 939 3323 in
994 3270 1096 3324 Paseba
1110 3271 1147 3324 ad
1161 3273 1338 3333 Pentecosten,
1362 3287 1440 3327 cenea
1460 3278 1603 3329 mutantur
1616 3277 1646 3329 in
1655 3278 1794 3346 prandie;

139 3342 193 3399 hoc
208 3343 268 3399 loco
287 3342 404 3398 Abbatis
418 3341 524 3395 nomine
534 3339 703 3408 coepiendus
723 3344 763 3395 est
780 3340 941 3409 quicumque
994 3355 1047 3408 qno
1065 3344 1090 3394 ct
1102 3340 1247 3394 traditioni
1255 3340 1433 3395 reclinastieie
1443 3344 1571 3411 satisfiet,
1586 3349 1795 3405 cluentrerneibo

138 3417 238 3479 senior,
253 3415 308 3468 Sive
320 3415 410 3474 Pater,
430 3411 506 3480 cttjus
515 3410 621 3479 jndicio
640 3410 729 3465 ceteri·
749 3411 779 3464 in
793 3424 941 3479 mnqreqa-
957 3425 980 3488 (1
994 3425 1047 3463 non
1064 3416 1174 3465 onerent
1186 3411 1223 3463 dii
1244 3411 1333 3465 licata.
1350 3412 1426 3466 Tales
1437 3412 1514 3468 Pliilo
1525 3415 1657 3471 Platonici
1667 3422 1796 3477 eurinome

142 3488 214 3540 tiene
240 3486 435 3555 gubernantur.
466 3482 552 3537 blidin
571 3483 641 3535 enim
661 3484 724 3536 sunt
742 3481 799 3535 toea
815 3482 942 3550 relipiosa
995 3483 1117 3536 imitator
1128 3480 1197 3551 (Lib.
1260 3482 1506 3553 l⁷i'tab'ontempl.);
1521 3487 1796 3558 teleslosepbusqlo-

137 3557 320 3611 sicnobiti'eem
333 3557 418 3608 uitam
432 3554 553 3622 aqenti'a,
563 3551 699 3621 inquibus
709 3555 821 3607 recines
832 3553 942 3607 nenab-
995 3553 1069 3622 septi.
1086 3554 1338 3621 lib.xv111Antiq.
1354 3568 1377 3608 e.
1388 3558 1405 3607 2
1415 3559 1440 3609 et
1453 3554 1501 3610 tib.
1517 3570 1543 3611 11
1555 3557 1588 3612 dc
1605 3558 1795 3619 belloluaaieo

140 3628 224 3691 butes,
237 3628 283 3683 sed
296 3627 400 3687 decem,
414 3625 620 3694 nutproepositi‚
640 3626 688 3677 eut
697 3625 812 3692 priores,
825 3628 875 3678 aut
885 3625 942 3679 Pa·
994 3637 1054 3693 cup.
1069 3624 1107 3694 ι),
1124 3624 1231 3681 Graius
1241 3625 1343 3689 Liciiis,
1358 3627 1387 3679 i'ii
1399 3626 1642 3684 secundalndni'eoe
1653 3634 1797 3702 captiuita-

138 3704 204 3763 ties,
222 3697 392 3765 autmqi'orcs
403 3695 587 3765 appellentur.
597 3692 836 3750 Verumliieloous
848 3702 940 3765 postu·
995 3696 1030 3748 tis
1040 3696 1160 3750 Historia
1171 3710 1226 3750 esse
1241 3696 1391 3762 nescelert.
1408 3696 1519 3754 ldaecde
1533 3700 1677 3757 eoenobilis
1687 3706 1715 3758 S.
1730 3704 1795 3760 Hie·

138 3769 195 3824 lare
215 3767 322 3825 videtur
350 3775 382 3822 ut
392 3766 558 3821 clarissimos
576 3767 671 3820 Patres
694 3764 897 3837 Hieronymum
912 3774 941 3822 et
994 3779 1126 3838 ronymus
1140 3765 1289 3837 generatim
1304 3766 1466 3837 complexus
1482 3777 1534 3823 est.
1549 3772 1718 3841 Augustinus
1732 3789 1795 3831 raro

139 3840 328 3912 Augtislinnm
341 3837 377 3893 de
397 3836 544 3892 coenobitis
565 3835 608 3891 sui
621 3836 756 3916 temporis
783 3851 940 3908 eorumque
995 3848 1139 3907 postquam
1154 3838 1188 3893 de
1208 3835 1377 3891 anachoretis
1395 3851 1547 3910 eorumque
1563 3842 1719 3899 austeritate
1731 3858 1797 3914 ega-

138 3910 266 3967 nioribus
285 3916 315 3963 et
334 3907 466 3961 institutis
493 3904 642 3959 audiamus
659 3904 845 3973 disserentes,
863 3916 894 3961 nt
912 3907 940 3961 in
994 3916 1037 3962 rat
1053 3911 1103 3964 :Si
1116 3909 1172 3969 boe,
1184 3907 1281 3980 inquit,
1293 3908 1396 3963 cecedit
1407 3914 1527 3965 nostram
1537 3912 1718 3978 tolerantiam,
1735 3918 1796 3985 quis

138 3981 250 4036 illorum
280 3977 363 4033 veluti
387 3974 500 4057 speculo
525 3983 574 4030 aut
603 3974 754 4055 exemplati
777 3975 940 4045 coenobitae,
995 3992 1046 4031 non
1060 3980 1120 4032 illos
1139 3980 1252 4032 miretur
1265 3982 1290 4032 ct
1306 3979 1445 4047 predicet,
1466 3983 1515 4050 qui
1535 3988 1692 4054 contemptis
1715 3992 1797 4056 atque

88 4070 98 4085 ⁴
137 4050 296 4123 pracsertim
316 4046 500 4113 benedictini,
524 4046 629 4117 seipsos
654 4052 822 4111 intueantur,
848 4060 942 4103 mores
995 4048 1107 4101 desertis
1122 4048 1219 4101 mundi
1232 4048 1313 4115 buius
1334 4050 1473 4111 illecebras,
1488 4053 1516 4105 in
1530 4067 1691 4110 communem
1711 4059 1796 4112 eitam

139 4138 206 4179 suos
229 4137 295 4177 eum
310 4119 421 4173 illorum
446 4115 569 4172 moribus
602 4113 761 4179 conterant,
792 4123 941 4174 eteorum
995 4120 1172 4172 castissimam
1180 4119 1591 4190 secretissimamquecenqreqnti‘,
1600 4126 1682 4179 simul
1691 4131 1813 4183 etatem.

139 4191 392 4262 contemplatione,
407 4197 438 4244 ut
451 4188 532 4244 decet
545 4185 671 4260 ejusdem
686 4184 866 4258 professionis
877 4203 940 4243 mo·
995 4191 1092 4256 neunt,
1102 4190 1220 4243 υἰυιιιιιι
1230 4189 1260 4240 in
1269 4189 1445 4253 orationibus,
1457 4192 1486 4245 in
1499 4192 1661 4257 lectionibus.
1671 4198 1797 4268 indispu.

140 4265 256 4329 nachos,
270 4263 310 4318 rel
324 4259 487 4323 emendent,
508 4259 547 4313 vel
563 4256 686 4314 exactius
704 4259 942 4328 compediensis
995 4260 1143 4313 tutioribus
1152 4278 1161 4325 ,·
1184 4258 1261 4312 nulla
1283 4258 1410 4328 superbia
1424 4262 1537 4327 tumidi,
1557 4266 1635 4321 nulla
1646 4271 1797 4338 peruicacia

139 4335 225 4407 igitur
236 4334 425 4457 Hieronlmus
439 4332 537 4401 (Epist.
554 4332 595 4400 ti)
612 4348 617 4383 :
635 4330 685 4385 His
695 4331 779 4398 iqitur
793 4331 873 4411 qiiasi
884 4333 942 4412 qui·
995 4330 1153 4397 turbulenti,
1168 4330 1245 4384 nulla
1259 4331 1406 4385 invidentia
1420 4331 1499 4389 lividi
1503 4355 1513 4396 ;
1525 4336 1572 4390 sed
1581 4338 1707 4408 modesti,
1722 4356 1796 4397 uere.

141 4406 255 4461 bnsdam
268 4407 338 4475 pesti
357 4418 387 4457 ns
400 4404 585 4457 interminatis
600 4399 761 4472 (monachis
772 4401 875 4457 seilioct
886 4401 942 4457 illis
994 4401 1202 4471 condimentis
1216 4402 1797 4469 caiicordissimemoitemetinimiissimam

142 4477 216 4532 tertii
235 4475 359 4548 generis),
372 4476 508 4528 ueniamus
523 4473 560 4527 ad
575 4486 617 4526 ees
630 4473 678 4541 qni
689 4473 781 4542 plures
799 4477 862 4527 sunt
873 4477 899 4528 et
912 4475 941 4527 iii
994 4474 1023 4526 i'ii
1038 4477 1121 4528 Deum
1132 4474 1316 4541 qratissimum
1325 4489 1423 4530 muniis
1436 4478 1501 4545 ipsis
1511 4479 1636 4547 alluunt,
1651 4500 1668 4536 a·
1681 4499 1733 4553 qno
1747 4486 1797 4542 iste

137 4544 939 4612 communibubitunt‚idcst,quoseoeariooenobitasdi'aei'mus.
990 4549 1239 4614 possemeruciuiit.
1255 4547 1335 4603 llario
1348 4546 1500 4616 quidquam
1509 4552 1629 4620 possidet
1637 4557 1795 4622 propi-ium,

138 4622 231 4676 Prima
239 4618 314 4689 apud
325 4631 366 4671 ees
380 4616 569 4680 confederatio
579 4618 618 4667 est
627 4614 731 4669 obedire
739 4616 899 4686 majoribus,
914 4620 941 4670 et
993 4631 1067 4669 nemo
1080 4618 1206 4686 cuiquam
1215 4631 1338 4672 oncrmus
1346 4621 1394 4672 est.
1405 4618 1555 4688 operentur·
1564 4624 1688 4677 manibus
1698 4639 1729 4677 ca
1737 4628 1799 4692 qiii'-

138 4691 274 4761 quidquid
281 4688 417 4760 jusserint
426 4688 526 4754 sarcre.
540 4686 697 4739 Dicisisnnt
709 4701 757 4754 per
770 4687 891 4741 menime
902 4691 940 4741 at·
995 4686 1042 4741 bus
1052 4692 1077 4742 ct
1092 4702 1185 4757 eorpus
1199 4690 1373 4756 paseipossit,
1388 4693 1414 4742 ct
1425 4705 1443 4741 a
1455 4691 1506 4743 lieo
1521 4704 1593 4745 mens
1608 4693 1735 4760 impediri
1744 4711 1797 4751 non

138 4778 191 4830 qne
202 4761 533 4825 centuriis,iteutnouem
544 4755 695 4809 bominibus
706 4756 822 4811 decimus
832 4761 938 4826 praesit,
991 4760 1086 4827 pessit.
1103 4759 1176 4827 Opim
1186 4762 1275 4811 antem
1289 4772 1366 4811 sunm
1379 4758 1495 4812 tradunt
1507 4762 1544 4814 eis
1554 4775 1618 4830 qnos
1629 4762 1739 4820 ilccaiios
1748 4781 1796 4820 iio.

138 4835 164 4885 et
178 4846 272 4884 rursus
285 4832 373 4883 decem
384 4844 419 4897 pi·
461 4829 541 4882 ositos
554 4827 603 4880 sub
615 4840 642 4880 se
656 4830 811 4881 centesimus
821 4828 938 4884 babeat:
955 4805 979 4867 D
993 4831 1065 4893 cant,
1076 4828 1245 4897 eoquodsint
1260 4827 1334 4881 denis
1343 4830 1486 4896 prepositi
1490 4847 1498 4895 3
1509 4834 1540 4885 ut
1548 4834 1681 4890 neminem
1691 4836 1797 4893 illorum

137 4904 248 4956 manent
259 4900 390 4968 separati,
405 4914 431 4951 se
460 4900 564 4967 junctis
576 4894 687 4958 cellulis,
702 4911 786 4966 usque
798 4898 835 4952 ed
845 4900 939 4955 boram
993 4914 1060 4952 curii
1070 4901 1115 4952 sui
1127 4899 1245 4967 corporis
1256 4900 1363 4965 taiiqnt,
1373 4913 1458 4967 neque
1469 4901 1498 4954 ιη
1511 4902 1576 4971 0100,
1587 4919 1671 4975 ,eque
1680 4908 1796 4965 ,nvem

137 4988 247 5034 nonam‚
266 4975 295 5024 ut
308 4969 460 5022 institutum
470 4974 518 5031 est,
529 4983 603 5023 nemo
612 4969 703 5038 percit
713 4967 749 5021 ad
763 4969 858 5033 alium,
869 4985 940 5025 ecce
994 4973 1092 5032 meiito,
1100 4983 1183 5038 neque
1193 4970 1218 5022 si
1227 4968 1293 5036 qnid
1303 4968 1382 5023 alind
1392 4984 1458 5041 epm
1469 4977 1508 5026 est
1519 4974 1560 5028 uel
1572 4979 1737 5044 quotidianae
1751 4997 1797 5036 ire·

135 5046 192 5115 ptis
204 5045 245 5098 ln's
255 5041 361 5096 decanis
389 5053 437 5092 iios
445 5037 575 5099 elicimus,
587 5043 618 5093 ut
626 5042 651 5093 si
658 5040 862 5107 capitationibus
868 5042 940 5107 (arte
994 5042 1121 5103 cessitati,
1134 5040 1175 5093 nel
1182 5043 1303 5103 mutate,
1317 5045 1349 5095 ut
1357 5042 1464 5105 assolet,
1475 5043 1637 5102 calunnius,
1646 5050 1694 5104 χιιι·
1705 5055 1796 5107 autem

137 5118 199 5185 quis
211 5117 333 5183 fluctuat,
349 5054 426 5164 iliius
441 5108 587 5164 consoletur
604 5110 741 5179 alloquiis.
759 5113 823 5166 Post
843 5110 940 5167 boram
993 5110 1090 5166 decani
1105 5126 1165 5166 euin
1179 5126 1279 5179 maana
1294 5111 1473 5169 sollieitudine
1486 5119 1576 5172 omnic
1590 5118 1757 5189 disponentes
1770 5128 1797 5178 et

137 5202 234 5241 noniim
247 5188 420 5239 incommune
430 5181 607 5243 concurritur,
616 5181 717 5249 psalmi
727 5186 862 5248 resmant,
870 5184 940 5239 Scri-
990 5188 1092 5253 presto
1104 5184 1233 5251 tenentes
1242 5182 1377 5253 quidquid
1387 5184 1437 5238 illa
1446 5187 1503 5240 in'ta
1510 5192 1621 5258 prepter
1632 5191 1796 5249 imbecillita-

133 5261 226 5329 pturoe
245 5258 394 5310 recitantur
416 5269 451 5309 ee
473 5266 555 5314 merc,
571 5254 606 5313 et,
622 5251 757 5321 eompletis
773 5255 939 5311 orationibus
994 5259 1046 5309 tem
1059 5256 1177 5325 eorporis
1191 5254 1323 5325 postulat,
1346 5254 1521 5312 traditionum
1543 5262 1632 5314 tamen
1647 5263 1729 5317 etiam
1742 5268 1798 5335 ipsi·

139 5329 292 5395 ciliciisque
301 5326 486 5387 residentibus,
497 5322 611 5386 medius,
628 5339 707 5393 quem
716 5325 826 5383 Patrem
834 5331 937 5391 uacant,
993 5325 1112 5381 reddunt
1127 5328 1185 5388 uni,
1196 5340 1275 5394 quem
1285 5327 1503 5385 Patremeoeant.
1519 5331 1558 5385 lli
1565 5346 1627 5386 ecio
1638 5335 1731 5391 Patres
1743 5352 1796 5392 riou

139 5400 236 5468 incipit
243 5397 402 5466 disputare:
416 5413 467 5467 quo
477 5397 598 5465 loquente
604 5398 709 5449 tentum
715 5397 900 5466 silentiumfit,
908 5403 940 5454 ut
992 5398 1078 5451 solum
1087 5398 1251 5451 sanctissimi
1259 5397 1388 5459 maribus,
1404 5398 1542 5455 sedetiam
1561 5401 1656 5458 diuina
1672 5405 1796 5464 morrena

136 5485 214 5525 nemo
228 5469 314 5523 alium
325 5470 463 5537 respicere,
473 5482 548 5522 nemo
560 5466 939 5534 audeateescrcere3dicentis
993 5468 1217 5529 excellentissimi,
1232 5469 1352 5523 omnibus
1367 5467 1445 5524 rebus
1459 5472 1565 5535 eccelsi,
1580 5474 1657 5530 nulia
1668 5482 1796 5549 super-lita

139 5540 200 5596 laus
216 5543 243 5595 in
251 5542 314 5609 lietu
335 5544 374 5592 est
387 5538 565 5602 audientium,
579 5540 667 5593 tacdae
678 5538 821 5593 uoliuntnr
831 5554 879 5609 per
890 5555 939 5595 ora
993 5538 1134 5593 consulunt
1143 5540 1177 5592 i'is
1189 5552 1255 5607 quos
1269 5539 1339 5608 filios
1353 5545 1457 5604 emant,
1469 5557 1628 5612 maqiiesua
1639 5549 1670 5603 in
1676 5548 1796 5619 jubesne

137 5612 276 5682 lacrymer,
290 5615 315 5665 el
324 5626 356 5664 ne
368 5610 650 5678 ittsinanltmqnidem
658 5613 774 5680 erumpit
781 5610 864 5665 dolor.
874 5612 939 5668 Cum
993 5612 1272 5678 auctoritatemaqne
1282 5611 1794 5685 illoruminobtemperandovolumm,

138 5698 199 5739 nero
212 5683 245 5739 dc
253 5697 334 5752 ream
342 5680 442 5737 Cliiisti
450 5684 475 5734 et
484 5680 517 5735 de
528 5681 626 5746 sutura
636 5682 802 5737 beatitudine
813 5686 838 5737 et
848 5683 939 5751 aleria
993 5681 1156 5738 Corineniunt
1165 5686 1254 5736 antem
1263 5682 1321 5737 diei
1327 5687 1567 5753 temporeeetremo
1579 5688 1674 5748 desuis
1701 5696 1797 5762 uisque

137 5758 247 5825 ceperit
261 5754 425 5808 annuntiari
438 5755 560 5820 emtore,
576 5752 669 5809 eidem
684 5757 788 5811 cunctos
801 5754 939 5812 madente
992 5752 1240 5817 tibiurensium
1253 5752 1522 5826 adbuejip‘imisunt,
1535 5759 1649 5818 edand'
1700 5778 1746 5819 nm
1759 5763 1797 5818 il.

247 5844 380 5898 Piirnon.
400 5840 508 5897 xiix.
1617 5854 1652 5905 35
