3848 6158
107 223 163 333 rsa
397 273 441 329 ne
459 271 697 330 canruontonuu
716 273 837 330 insert.
858 274 921 330 tte.
943 276 998 331 ττι.
1022 308 1054 320 -
1075 280 1119 335 nn
1137 280 1271 341 serntru
1291 285 1483 346 sareanen.
1715 306 1767 361 45,

108 408 239 459 nnstmm
249 397 366 456 minam
379 398 526 470 pertinent,
540 396 707 454 arbitramur
720 412 771 453 nos
777 396 912 469 adjutorio
925 401 953 465 Α
964 400 1037 457 torio
1058 417 1196 475 superare,
1211 405 1336 466 dieamus
1351 430 1357 466 τ
1371 414 1402 467 ln
1416 417 1442 468 te
1459 417 1579 472 inimicos
1590 425 1693 478 nastros
1707 440 1768 482 oeae

110 491 229 550 Domini
248 504 306 546 non
328 492 425 561 egeret
445 489 594 546 Diseamus
618 488 709 560 itaque
728 495 756 545 et
777 505 844 557 nos,
863 505 912 563 per
967 495 1106 552 ambimus
1125 515 1217 564 corrru,
1236 508 1262 557 et
1275 506 1303 559 in
1317 509 1422 563 nomine
1441 513 1487 566 tae
1507 527 1661 582 speremus
1683 521 1769 575 insur-

110 585 222 659 singuia
235 590 360 640 nostram
377 583 460 640 simul
475 581 664 639 infirmitatem
678 590 706 639 at
718 580 792 639 illius
804 581 912 656 adjuto·
967 592 1057 655 qartes
1080 592 1109 644 in
1123 592 1207 649 nobis
1236 597 1294 653 Nou
1311 600 1383 652 enim
1406 603 1436 655 in
1450 619 1514 659 arara
1528 622 1584 662 mea
1604 612 1727 678 sperabo,
1743 619 1769 670 et

106 684 152 742 ria
171 679 335 747 mutientes,
359 676 483 751 quotidie
503 677 673 750 proclamare
693 693 758 735 eum
780 678 910 736 mnan:
967 682 1157 749 qlaaimmas
1169 703 1220 744 aon
1231 691 1403 748 salsamina.
1415 695 1533 754 salvasti
1544 703 1667 760 enimnos
1675 707 1709 760 de
1718 709 1767 775 as-

109 772 913 849 messaarurmmutcaderemetltomimtsnampit
965 774 1765 871 tmmaomnosptoaentesnosmnfnaealnsnlmnnn).

110 889 162 931 m.
177 869 318 929 Fortitudo
327 884 386 924 mea
398 872 422 923 et
435 868 557 922 laudatis
570 883 629 924 maa
638 871 776 932 Dominus,
789 873 814 923 et
824 870 912 936 sacius
966 867 1019 922 Sed
1032 871 1116 925 etium
1129 876 1302 942 pracirmisti
1319 893 1361 932 me
1374 881 1478 937 uirtute
1493 884 1531 938 ad
1544 885 1650 951 bellum,
1666 896 1692 945 et
1704 907 1768 965 sup-

106 973 151 1026 e„
159 967 229 1024 mm
236 968 267 1022 iu
273 967 388 1021 salutem
399 964 485 1032 (pm
498 976 581 1020 cm,
588 965 610 1032 ),
622 965 665 1030 ῃ,
674 966 734 1022 Nisi
746 965 812 1034 quea
821 965 912 1019 nome.
964 960 1098 1029 plantasti
1105 979 1192 1020 amnes
1203 968 1370 1036 insurqentes
1380 974 1409 1026 in
1420 990 1462 1028 me
1473 978 1567 1034 subtus
1574 996 1624 1035 me.
1634 986 1669 1038 Et
1678 988 1768 1044 inimi-

111 1077 166 1119 ,ηις
180 1060 290 1131 adjuoit
308 1074 363 1123 me,
375 1058 561 1128 paulominus
574 1058 742 1112 habitaverat
757 1060 786 1110 in
804 1058 912 1124 inferno
966 1069 1009 1109 aas
1020 1072 1089 1112 meos
1099 1058 1201 1114 dedisti
1208 1062 1277 1116 milri
1287 1063 1408 1129 dorsum,
1424 1072 1449 1122 et
1458 1070 1605 1129 obedientes
1615 1080 1769 1151 medupem

107 1156 204 1211 arama
221 1168 291 1208 mea.
307 1154 339 1209 Si
356 1152 486 1214 dicebam,
509 1152 599 1205 Matris
618 1154 657 1205 est
669 1165 717 1220 pes
728 1165 811 1214 meets,
830 1152 911 1204 mus
965 1147 1062 1202 didisti
1073 1151 1162 1220 (Psal.
1177 1153 1272 1222 xvir).
1285 1155 1338 1212 Sed
1351 1171 1401 1213 nee
1413 1161 1498 1217 armis
1510 1167 1611 1222 nostris
1623 1184 1702 1239 posse
1716 1190 1767 1234 nas

108 1249 292 1312 mmm,
300 1244 912 1314 pompoe‚'najraeqlratme.secundammultita·
965 1240 1072 1297 sineere
1090 1242 1248 1314 cogitantes,
1273 1247 1396 1306 dieamus
1420 1269 1427 1305 ε
1447 1254 1629 1323 Apprelrerrde
1647 1278 1723 1319 anna
1741 1273 1767 1322 et

111 1343 204 1430 dinan
217 1341 338 1397 dolorum
359 1353 479 1394 meorum
493 1340 523 1392 in
540 1338 617 1393 eorde
636 1353 702 1402 meo,
725 1338 911 1393 consolationes
963 1341 1079 1406 matum,
1095 1343 1121 1394 et
1134 1354 1249 1410 aasarqe
1261 1344 1289 1397 in
1302 1344 1471 1414 adjutoriam
1485 1351 1554 1418 meir
1570 1353 1694 1420 Birande
1705 1359 1768 1425 tra-

109 1442 167 1493 tuoe
178 1435 383 1506 ioetiteaocmnt
393 1435 512 1488 animam
527 1446 613 1487 meam
623 1433 633 1498 (
642 1431 742 1487 Psalm.
752 1435 851 1496 rcrtr).
864 1430 912 1486 Vi·
964 1443 1060 1494 meam,
1072 1436 1097 1487 ct
1108 1434 1232 1489 conclude
1247 1437 1376 1494 aduersus
1391 1455 1432 1496 eos
1444 1444 1696 1515 quipcrseqaantar
1708 1466 1766 1520 me3

109 1528 208 1586 dmm
225 1527 307 1583 etiam
319 1540 368 1582 W
381 1532 508 1582 nomm
528 1523 557 1580 in
571 1524 671 1579 ,imore
686 1523 799 1580 Domini
813 1532 841 1579 οῖ
860 1539 910 1597 pq.
963 1521 1112 1580 damona
1126 1541 1200 1596 ona,
1211 1529 1292 1585 Salus
1302 1535 1350 1586 tua
1359 1549 1407 1602 eqo
1421 1550 1481 1590 sum
1495 1537 1584 1607 (Psal.
1594 1547 1768 1610 xxxtv).lit

109 1623 204 1679 flenti,
215 1619 350 1688 roborari,
359 1617 487 1676 dicamus
501 1641 508 1672 ;
519 1619 555 1672 Et
563 1619 653 1685 samus
667 1621 706 1672 est
719 1619 847 1673 Dominus
860 1622 910 1687 ltr-
963 1621 1077 1686 posuisti
1090 1625 1120 1674 ui
1131 1637 1224 1678 arcum
1234 1641 1333 1680 areum
1344 1629 1454 1684 bractia
1468 1648 1537 1696 mea,
1551 1640 1576 1689 et
1587 1637 1689 1693 dedisti
1699 1643 1768 1696 mint

113 1711 808 1781 mammoneamsttedasitmeinlatitadineffs.
819 1710 907 1783 xvrr).
961 1715 1149 1778 protectionem
1167 1717 1264 1771 salutis
1280 1725 1343 1783 tuce,
1360 1726 1386 1775 et
1400 1723 1513 1778 ‹lcatera
1528 1731 1575 1780 tua
1594 1735 1709 1800 suscepit
1725 1750 1767 1788 me

109 1808 257 1869 &entiam
272 1821 383 1880 quoque
396 1800 521 1877 proiectu
534 1819 648 1875 opemnr
666 1804 845 1878 multigentes
857 1819 908 1861 no·
926 1816 950 1879 Β
967 1804 1057 1874 (Psal.
1076 1823 1144 1865 xvrt
1158 1810 1182 1879 ).
1201 1812 1272 1878 Quia
1285 1829 1332 1870 nec
1343 1821 1436 1885 putres
1450 1823 1538 1874 nostri
1559 1825 1587 1876 in
1606 1825 1697 1892 qladio
1718 1842 1767 1885 sito
1810 1827 1813 1832 ’

109 1903 153 1960 bis
166 1900 270 1976 sugeri,
282 1898 406 1956 dieamus
418 1918 425 1955 :
438 1899 574 1966 Quoniam
585 1901 616 1952 tu
628 1897 764 1952 illuminas
776 1898 910 1953 iucensam
961 1902 1139 1969 possederunt
1156 1907 1266 1968 terrun,
1282 1913 1307 1962 et
1330 1909 1468 1967 trachiam
1483 1929 1572 1969 coram
1585 1933 1638 1973 nan
1652 1921 1768 1978 saluauit

52 1994 56 1999 ²
111 2012 209 2065 mm,
224 1996 333 2050 nomine
352 1995 422 2048 Deus
435 2006 520 2055 meus,
535 1992 662 2046 illumina
683 1992 805 2047 serenas
819 2007 908 2061 meas;
963 2008 1015 2056 eos,
1028 1995 1075 2049 sed
1090 1995 1202 2050 dentem
1217 2002 1265 2052 tua
1278 2005 1304 2054 et
1323 2002 1460 2059 bruelium
1474 2012 1550 2062 taum
1564 2015 1590 2064 et
1601 2013 1766 2071 illuminatio

108 2092 243 2162 queniam
251 2091 281 2143 ia
292 2091 317 2144 te
327 2089 428 2159 eripiar
436 2102 453 2141 a
461 2086 616 2147 tentatione,
628 2088 653 2140 et
663 2087 691 2138 in
700 2086 750 2139 liea
758 2100 813 2139 meo
823 2088 909 2141 trans-
962 2088 1051 2144 salitis
1065 2093 1115 2152 tui,
1131 2094 1258 2160 muniam
1270 2096 1457 2164 complacuisti
1466 2101 1495 2153 in
1509 2103 1545 2155 eis
1559 2101 1649 2171 (Psal.
1663 2106 1765 2178 xtttr).

111 2182 225 2254 qrediar
237 2178 472 2250 mammasti).
490 2177 563 2233 Dein
580 2176 728 2233 sentientes
747 2176 909 2234 etiamnos·
964 2181 1107 2237 Postremo
1134 2184 1260 2240 universa
1284 2183 1416 2243 benetieia
1442 2189 1501 2261 ejus
1524 2207 1588 2248 eum
1612 2197 1765 2265 gratiarum

116 2275 252 2347 metipsos
268 2270 456 2329 iominrdinem
475 2269 630 2326 toiemntiae
647 2269 825 2340 conquisisse,
841 2279 869 2326 et
882 2269 908 2326 in
963 2274 1071 2330 actione
1089 2284 1180 2332 mente
1196 2275 1312 2337 sollicita
1330 2280 1536 2351 perlustrantes,
1550 2299 1633 2357 super
1648 2287 1691 2343 lris
1709 2304 1766 2346 onr-

111 2365 220 2424 semita
237 2365 369 2421 rirtntrrm
382 2361 487 2420 latitius
500 2378 533 2418 ne
546 2362 606 2419 sine
619 2361 712 2418 labore
724 2362 815 2435 dirigi,
831 2361 907 2419 diea-
963 2366 1062 2435 nibus,
1090 2368 1166 2440 quod
1183 2365 1224 2426 rei
1249 2373 1446 2445 pugnavimus,
1472 2377 1514 2432 vel
1539 2377 1765 2441 illuminationem

113 2477 194 2520 mus:
209 2463 281 2517 Deus
291 2462 341 2531 qui
353 2461 498 2531 praeinqrs
511 2475 552 2514 nae
564 2461 677 2522 uirtute,
693 2462 718 2513 et
733 2460 851 2528 posuisti
862 2460 912 2513 im·
964 2459 1093 2530 seientia,
1107 2461 1149 2519 vei
1163 2463 1331 2537 disciplinam
1345 2466 1517 2527 discretionis
1530 2470 1565 2526 alr
1579 2487 1611 2527 eo
1625 2477 1764 2534 eonseeuti

111 2557 274 2612 mmm
287 2555 360 2609 „qam
373 2568 459 2609 ,mm
470 2569 479 2605 ς
490 2555 542 2621 Qus·
552 2555 657 2623 perpete
664 2553 745 2622 pedes
757 2568 827 2608 meas
840 2556 912 2606 tam-
963 2568 1069 2621 sumus,
1089 2554 1129 2609 vel
1142 2554 1217 2626 quod
1230 2557 1289 2614 suis
1301 2573 1353 2615 nos
1366 2561 1450 2618 armis
1466 2563 1604 2633 instmnit,
1619 2576 1647 2623 et
1660 2569 1766 2628 urtutis

66 2666 70 2671 .
111 2664 193 2721 qm
202 2649 283 2717 mr,
304 2630 422 2718 eziopie
435 2647 538 2703 encelsa
552 2650 672 2701 statuens
684 2661 727 2699 me
746 2647 821 2713 :Qui
836 2646 911 2702 dacer
963 2644 1071 2717 cingulo
1093 2649 1286 2717 communivit,
1302 2650 1343 2706 rel
1361 2651 1436 2724 quod
1458 2653 1631 2713 inimicorum
1653 2669 1764 2718 nostro·

112 2755 207 2797 manus
233 2755 307 2796 meas
327 2741 364 2794 ad
377 2740 503 2810 pralium
526 2737 638 2810 (ibid).
664 2736 810 2794 Consecuti
827 2736 910 2793 etinnr
963 2751 1026 2791 rum
1038 2737 1118 2795 nobis
1132 2739 1248 2810 praebuit
1264 2740 1389 2811 dorsum,
1400 2752 1427 2800 et
1439 2746 1533 2813 tribuit
1544 2749 1673 2805 virtutem
1685 2767 1763 2808 eant-

109 2834 314 2901 discretionem,
346 2848 400 2903 qua
427 2831 548 2889 roborati
577 2830 715 2904 possimus
741 2829 910 2908 adversarios
963 2829 1104 2888 minuendi
1116 2847 1162 2890 eos
1174 2842 1204 2889 ut
1224 2834 1362 2906 pulverem
1377 2845 1440 2894 ante
1453 2837 1550 2895 taciem
1567 2844 1650 2911 venti,
1668 2843 1764 2903 intimo

111 2936 220 2986 nostrm
238 2925 349 2995 elidere,
367 2926 566 2998 proclamemus
584 2924 620 2982 ad
635 2928 724 2982 Deum
738 2942 745 2978 τ
760 2924 910 2994 disciplina
962 2923 1053 2980 eordis
1064 2922 1163 2982 atieetu
1179 2927 1328 2985 clamemus
1342 2928 1377 2987 nd
1391 2945 1474 2987 eum:
1490 2934 1608 3003 liiliqam
1622 2941 1661 3004 te,
1672 2942 1763 2994 Domi·

113 3025 161 3076 tua
171 3022 288 3077 correxit
299 3035 341 3075 me
351 3022 380 3074 in
391 3023 480 3090 finem,
495 3023 521 3074 et
530 3019 675 3090 disciplina
685 3023 731 3074 tua
741 3021 800 3089 ipsa
806 3033 848 3072 me
859 3017 909 3072 do-
962 3032 1004 3080 ae,
1019 3020 1105 3074 cistris
1119 3035 1186 3083 mea,
1201 3023 1329 3077 Dominus
1337 3025 1540 3091 firmamentum
1548 3044 1635 3096 nerum
1650 3035 1676 3085 ct
1688 3034 1764 3100 retu·

111 3116 189 3172 ceta,
206 3116 338 3173 Dilatasti
350 3129 455 3184 pressus
477 3129 547 3170 meos
562 3115 655 3170 tainu
671 3130 722 3176 me,
741 3117 767 3169 et
782 3129 834 3167 non
846 3116 910 3168 sunt
963 3113 1037 3179 qiam
1059 3116 1158 3176 meum,
1178 3118 1203 3168 et
1224 3114 1451 3180 liberatormeus,
1475 3122 1545 3174 Deus
1564 3137 1638 3176 meus
1653 3124 1765 3192 adiutor

110 3211 251 3279 pumma,
272 3210 386 3278 „egregia
402 3225 461 3263 mea
472 3208 479 3278 t
491 3208 562 3264 tnta.
572 3207 592 3279 ).
612 3210 648 3264 Et
661 3207 727 3278 quin
745 3206 834 3261 taliter
847 3220 911 3262 sum
928 3211 950 3275 c
964 3219 1047 3268 meas,
1056 3210 1082 3260 et
1095 3209 1206 3276 mnata
1217 3210 1248 3261 in
1259 3224 1328 3272 eum,
1339 3216 1473 3280 protector
1482 3213 1590 3270 meus'et
1603 3232 1684 3272 carrru
1696 3220 1764 3274 sala·

110 3301 261 3359 roboratus
271 3301 381 3358 seientia
397 3306 445 3357 tua
458 3309 540 3372 atque
555 3299 671 3368 virtute,
683 3296 802 3355 inieram
820 3297 908 3354 eonii-
963 3298 997 3352 tis
1016 3305 1090 3360 mee,
1110 3303 1135 3352 et
1146 3305 1281 3370 susceptor
1295 3318 1377 3366 mats,
1402 3305 1517 3362 laudans
1531 3311 1655 3365 imocaoo
1668 3315 1764 3368 Domi-

108 3397 210 3456 daner
221 3410 252 3452 ea
268 3410 330 3468 quae
342 3402 504 3469 sequuntur,
524 3401 552 3449 et
564 3393 653 3451 dicam
669 3413 675 3450 :
697 3396 843 3463 Persequar
857 3394 908 3448 ini·
962 3404 1038 3452 num,
1054 3395 1081 3444 et
1092 3390 1127 3444 ab
1147 3393 1261 3449 mimicis
1278 3397 1341 3451 meis
1355 3397 1499 3454 salsusero
1512 3399 1571 3469 (Ps.
1586 3391 1679 3474 xvir).

110 3492 192 3546 nias
204 3504 282 3553 mas
296 3495 322 3544 e
333 3488 553 3568 competendam
576 3488 647 3551 ‘¹¹⁰⁸
669 3493 695 3542 τ’
708 3500 760 3542 '‘⁰'‘
772 3490 909 3542 moercar
1242 3532 1365 3592 carun
1379 3537 1472 3595 xvrrt

108 3584 751 3655 doneadctciaat.conteramillasneapoterunt
764 3585 910 3637 stareraa-
1476 3582 1482 3594 ⁸

109 3678 177 3734 dem
192 3679 284 3734 subm
296 3678 378 3749 pedes
391 3693 460 3734 meos
474 3678 482 3748 (
488 3677 558 3734 m
567 3676 587 3750 ).
604 3677 728 3734 numum
743 3673 910 3733 infirmium
964 3656 1042 3725 Quod
1053 3672 1107 3741 non
1120 3657 1206 3741 solum
1218 3658 1250 3713 in
1260 3662 1385 3744 naturali
1397 3665 1562 3750 conditione,
1579 3671 1720 3726 sedetiam
1734 3674 1762 3728 ia

111 3779 213 3829 nom
228 3787 380 3841 memora,
393 3787 445 3830 nec
462 3787 543 3844 pom
558 3786 610 3828 nos
627 3778 686 3827 nm
699 3769 813 3826 ambos
825 3769 906 3826 mio·
999 3729 1160 3799 qaotrdeana
1174 3730 1442 3801 appensionem·
1456 3743 1547 3805 qratia
1562 3744 1727 3797 muniamur.

114 3862 279 3921 [umbones
291 3863 378 3937 fragili
392 3860 822 3920 eameeiranmdatossineillius
834 3859 910 3934 adiu·
998 3863 1090 3917 “Non
1110 3860 1264 3936 toiumpro
1283 3863 1325 3920 his
1344 3865 1488 3939 signatius
1509 3867 1672 3937 referentes,
1688 3873 1764 3943 quod

657 3957 786 4012 strunt
804 3958 917 4015 GAZAEI
934 3959 1213 4018 COMMENTARIUS.

113 4053 162 4128 qui
177 4055 337 4128 Pelagianos
354 4051 462 4109 occulte
480 4059 507 4107 et
525 4049 581 4107 sub
595 4049 707 4105 nomine
723 4047 858 4106 catholieo
871 4048 917 4108 la-
968 4052 1169 4109 Arausieannm
1187 4054 1336 4111 seeundum
1357 4066 1481 4128 tempore
1503 4060 1599 4117 Felicis
1622 4077 1713 4135 pspae,
1735 4073 1766 4121 ut

112 4127 241 4182 rerevisi
265 4133 341 4187 sunt,
362 4121 503 4191 inquibus
522 4120 811 4189 Cassianus‚Fsustus
829 4127 857 4176 et
873 4121 917 4179 alii
968 4122 1071 4179 dietum
1091 4131 1147 4188 est,
1166 4124 1298 4181 adsersus
1315 4126 1442 4198 reliquias
1462 4128 1668 4201 Petagtmorum
1692 4135 1763 4192 cele·
1825 4192 1828 4199 ,

111 4196 299 4253 Massilienses
310 4191 468 4264 presbyteri,
485 4189 628 4247 manifeste
637 4188 770 4247 eontutst.
782 4189 818 4247 Hi
830 4191 915 4262 eninr,
969 4191 1089 4258 brutum,
1106 4191 1134 4247 in
1155 4193 1233 4264 eujus
1251 4209 1355 4250 canone
1367 4197 1484 4268 septimo
1498 4197 1557 4255 haec
1570 4198 1706 4261 linbentur
1718 4226 1723 4262 :
1735 4208 1767 4264 si

110 4274 143 4324 ut
154 4266 263 4322 dietum
278 4271 329 4326 est,
345 4261 416 4318 bons
430 4262 520 4334 aliqua
531 4260 674 4333 desideria,
688 4261 798 4318 initium
811 4260 875 4318 iidri
888 4270 916 4319 at
967 4265 1029 4333 qais
1035 4277 1086 4332 per
1095 4267 1199 4318 naturae
1208 4266 1325 4334 niqorem
1336 4266 1432 4322 iontem
1444 4270 1556 4340 aliquod
1567 4274 1639 4342 qnod
1647 4277 1684 4331 ad
1693 4278 1766 4332 salu-

108 4335 280 4403 diteetionis‚
296 4333 504 4406 dispositionem
517 4331 550 4390 ad
565 4333 693 4405 gratiam,
708 4332 799 4389 stelin
816 4332 845 4390 id
864 4347 915 4406 gs-
968 4336 1217 4403 ternpertinetsitoe
1226 4340 1765 4416 atemoecapitareauteliqerepossecon·
1820 4392 1824 4399 .

109 4403 834 4534 ττξττττξῆττῆξξτξττξξ
884 4405 1502 4546 manutenuerunt
1515 4417 1765 4542 tlt-eruiu

210 4493 269 4533 rrsr
671 4516 678 4531 .
1463 4500 1469 4538 r
1501 4500 1532 4540 us
1566 4502 1602 4542 r.

110 4493 207 4605 a¹i⁸anus
222 4547 275 4604 hoc
300 4547 361 4603 toea
377 4490 665 4618 affiiterffeprenenair
682 4561 731 4602 eos
746 4546 804 4616 qui,
825 4546 855 4601 in
871 4545 914 4603 lris
967 4490 1136 4617 duasfftptrr.
1159 4493 1303 4622 Pelasgas?
1319 4568 1326 4605 τ
1346 4552 1487 4618 Liberum,
1500 4526 1604 4630 inquit,
1617 4499 1765 4617 ῗνὸξῗὲιῒῖτξι

110 4618 356 4746 ‘'ild-”imi
376 4626 500 4744 *mitt
515 4617 666 4757 imisit
683 4614 914 4745 stilistas:
965 4619 1696 4763 inmanissimum
1710 4635 1766 4754 i‘i'

379 4705 388 4744 t
563 4729 570 4741 .
1422 4712 1449 4749 ra
1567 4717 1577 4750 r
1653 4715 1709 4760 a,e

110 4704 394 4826 {offle‘r’rrtlignmmslingie
410 4703 598 4831 ¹intelligantur
621 4765 652 4813 ut
665 4765 764 4814 sonant
777 4766 805 4814 et
819 4764 850 4813 ut
863 4757 913 4814 de-
967 4704 1417 4828 ffirmmmrnmssmiffsn,
1426 4768 1596 4832 capitationis
1605 4716 1765 4822 adeietafiit

112 4830 180 4886 bent
197 4830 316 4902 intelligi.
335 4831 423 4885 Porro
438 4829 468 4885 in
485 4829 565 4912 huius
580 4826 715 4884 doetrinae
728 4827 913 4885 confirmatio·
968 4828 1061 4886 lib.de
1083 4831 1243 4886 Praedestin.
1259 4833 1351 4887 sanct.
1371 4848 1422 4902 cap
1445 4847 1469 4887 rr
1492 4834 1590 4900 :Quod
1609 4838 1705 4890 attinet
1728 4838 1765 4892 ad

111 4910 180 4957 nem
202 4909 299 4971 praeter
320 4900 453 4956 aliatum
470 4902 632 4972 Scripturas,
656 4906 715 4954 tum
732 4899 780 4955 SS.
801 4899 913 4955 Petrum
964 4903 1094 4970 pietatem
1101 4905 1127 4954 et
1136 4901 1302 4968 reliqionem,
1316 4916 1369 4955 non
1380 4916 1471 4957 sumus
1482 4904 1644 4972 sufficientes
1653 4909 1766 4977 coqitare

111 4970 271 5028 testimonia
292 4971 354 5027 aiibi
371 4970 563 5042 producenda,
579 4968 720 5026 suiieeerit
740 4968 784 5025 hie
800 4968 914 5041 paucula
967 4970 1075 5039 aliquali
1100 4971 1326 5033 austronotius
1334 4986 1409 5025 nemo
1418 4971 1474 5026 ribi
1482 4975 1587 5044 satiat
1597 4978 1765 5050 adinerpien·

112 5034 258 5100 dumtaxat
266 5040 409 5098 delibasse.
427 5048 456 5098 1⁰
469 5038 622 5099 concilium
636 5038 798 5096 Airicmum
808 5039 914 5096 dueen-
968 5040 1034 5094 dum
1050 4986 1295 5121 chpmptciendum
1307 5042 1489 5113 qreodcumque
1501 5061 1567 5117 epm
1586 5049 1691 5105 annum,

113 5113 424 5187 tommquatuordecim
439 5112 629 5185 episeoporum
650 5127 666 5167 a
687 5111 751 5168 sede
765 5109 914 5182 apostoliea
1003 5119 1016 5146 ⁸
1035 5111 1106 5166 Vide
1147 5109 1227 5167 uibus
1247 5110 1380 5168 derebus
1401 5115 1495 5186 gratias
1522 5119 1688 5188 quotidianae
1704 5125 1764 5179 Deo

114 5183 314 5256 approbatum,
334 5183 414 5256 eujus
434 5182 575 5240 decretum
593 5179 678 5238 relert
697 5182 725 5238 S.
749 5183 865 5252 Prosper
885 5181 914 5237 in
968 5179 1089 5253 agendae.
1104 5124 1147 5237 Aa
1168 5179 1239 5237 itane
1251 5182 1402 5265 gratiarum
1415 5186 1553 5244 nationem
1568 5192 1627 5245 Deo
1641 5190 1763 5249 reteren-

114 5255 291 5327 responsione
316 5255 351 5311 ad
375 5255 498 5326 capitula
526 5254 680 5311 Gallorum.
707 5254 772 5310 cam
794 5251 915 5308 ducentis
968 5252 1033 5308 dam
1051 5250 1248 5325 frequentaret
1270 5269 1392 5323 impense
1412 5254 1537 5315 hortatur
1552 5264 1705 5332 Apostolus.
1721 5265 1765 5323 Ad

115 5327 320 5395 quatuordecim
342 5327 522 5381 sacerdotibus
530 5367 538 5389 ,
546 5319 678 5397 ‘qaorum
703 5324 916 5380 constitutionem
968 5322 1067 5396 nptias.
1082 5340 1099 5380 v
1116 5325 1253 5389 :Gratias
1266 5324 1366 5396 inquit,
1378 5331 1451 5397 aqite
1464 5344 1567 5402 semper
1578 5348 1629 5403 pro
1641 5338 1764 5392 omnibm

118 5401 208 5452 cotnra
217 5399 338 5452 inimicas
346 5400 443 5466 qratia
452 5399 502 5452 liei
510 5401 580 5452 totus
588 5397 705 5452 mundas
714 5395 855 5466 amplexas
865 5398 913 5458 est,
969 5397 998 5450 in
1010 5397 1116 5452 nemim
1132 5398 1239 5452 maini
1257 5399 1343 5451 nostri
1353 5400 1415 5453 lasa
1436 5401 1613 5470 carticineo
1631 5411 1656 5460 ct
1674 5409 1762 5463 Patri.

118 5469 625 5596 ”““ir¹⁰'⁰s⁰⁸⁸¹³''¹ii¹‘⁶'ii¹'“⁰im
640 5467 917 5596 ''iiiimioii
967 5465 1538 5599 illitteratissimis
1560 5477 1765 5546 ⁹⁰³⁰¹¹⁰⁵V¹¹st

120 5551 173 5598 m,
626 5556 630 5567 ι
901 5566 915 5578 .
1083 5578 1090 5602 ‚

120 5551 187 5659 num
200 5554 406 5674 myrnae
414 5556 573 5667 maolampgd
587 5554 810 5680 waramanni&
823 5623 915 5663 oerum
968 5615 996 5665 et
1015 5553 1212 5691 sufficiatque
1229 5554 1336 5682 gangris
1347 5580 1431 5682 atque
1447 5559 1698 5686 omin??,qqlffaecugg
1719 5561 1764 5673 uae-⁹

116 5678 202 5732 etiam
218 5681 254 5736 ad
264 5681 418 5749 facundam
429 5681 568 5751 insatiam
580 5697 628 5736 nos
644 5698 695 5752 per
708 5686 784 5736 aetas
796 5679 916 5748 sinqulos
969 5677 1033 5735 bere
1051 5679 1241 5806 intellifferent.
1264 5680 1346 5753 Quod
1364 5681 1536 5740 manifestius
1555 5685 1608 5740 alin
1631 5688 1764 5744 sententia

115 5749 267 5820 adjuvare3
277 5755 317 5806 ita
328 5756 359 5807 at
370 5754 484 5809 sinedia
494 5754 563 5809 ninii
569 5768 638 5808 erra
646 5756 796 5822 sanctaque
802 5752 915 5821 pietatis
968 5749 1099 5814 declarat,
1114 5753 1124 5805 1
1160 5750 1255 5808 inesset.
1272 5755 1606 5824 v21nomnidusqratirs
1616 5760 1705 5823 uq‘ate.
1712 5756 1779 5831 §xix

113 5821 222 5887 tatere,
232 5825 360 5892 capitam,
369 5823 466 5889 disere,
475 5825 707 5896 aqereoalaamus.
718 5829 748 5879 2⁰
761 5820 914 5880 concilium
968 5821 1042 5879 emm
1059 5819 1125 5880 dieit
1143 5823 1177 5880 ia
1189 5824 1332 5891 omnibus,
1344 5824 1383 5885 de
1390 5826 1482 5884 renus
1495 5840 1531 5881 se
1546 5823 1634 5893 tuqui
1651 5819 1801 5888 augustant
