<?xml version="1.0" encoding="UTF-8"?>
<!DOCTYPE html PUBLIC "-//W3C//DTD XHTML 1.0 Transitional//EN"
    "http://www.w3.org/TR/xhtml1/DTD/xhtml1-transitional.dtd">
<html xmlns="http://www.w3.org/1999/xhtml" xml:lang="en" lang="en">
 <head>
  <title>
</title>
<meta http-equiv="Content-Type" content="text/html;charset=utf-8" />
  <meta name='ocr-system' content='tesseract 3.04.00' />
  <meta name='ocr-capabilities' content='ocr_page ocr_carea ocr_par ocr_line ocrx_word'/>
</head>
<body>
  <div class='ocr_page' id='page_1' title='image "./patrologiaecurs29unkngoog/patrologiaecurs29unkngoog_0065.png"; bbox 0 0 3848 6158; ppageno 0'>
   <div class='ocr_carea' id='block_1_1' title="bbox 181 257 1834 322">
    <p class='ocr_par' dir='ltr' id='par_1_1' title="bbox 181 257 1834 322">
     <span class='ocr_line' id='line_1_1' title="bbox 181 257 1834 322; baseline -0.003 0"><span class='ocrx_word' id='word_1_1' title='bbox 181 269 230 322; x_wconf 80' lang='lat' dir='ltr'>lib</span> <span class='ocrx_word' id='word_1_2' title='bbox 848 258 989 314; x_wconf 66' lang='lat' dir='ltr'>luminis</span> <span class='ocrx_word' id='word_1_3' title='bbox 1008 257 1161 315; x_wconf 75' lang='lat' dir='ltr'>cassidili</span> <span class='ocrx_word' id='word_1_4' title='bbox 1782 263 1834 318; x_wconf 81' lang='lat' dir='ltr'>tiu</span> 
     </span>
    </p>
   </div>
   <div class='ocr_carea' id='block_1_2' title="bbox 179 369 1837 650">
    <p class='ocr_par' dir='ltr' id='par_1_2' title="bbox 179 369 1837 650">
     <span class='ocr_line' id='line_1_2' title="bbox 179 369 1837 468; baseline -0.003 -22"><span class='ocrx_word' id='word_1_5' title='bbox 179 381 978 468; x_wconf 74' lang='lat' dir='ltr'>&#39;compulsorisadigimur,peitotumdieispatiumjogiter</span> <span class='ocrx_word' id='word_1_6' title='bbox 992 386 1019 448; x_wconf 77' lang='grc' dir='ltr'>Α</span> <span class='ocrx_word' id='word_1_7' title='bbox 1032 369 1046 414; x_wconf 80' lang='lat'>‘¹</span> <span class='ocrx_word' id='word_1_8' title='bbox 1059 384 1218 440; x_wconf 82' lang='lat' dir='ltr'>Voluntaria</span> <span class='ocrx_word' id='word_1_9' title='bbox 1224 384 1381 453; x_wconf 76' lang='lat' dir='ltr'>sacrificabo</span> <span class='ocrx_word' id='word_1_10' title='bbox 1388 385 1441 439; x_wconf 84' lang='lat' dir='ltr'>tibi</span> <span class='ocrx_word' id='word_1_11' title='bbox 1450 384 1536 456; x_wconf 84' lang='lat' dir='ltr'>(Psal.</span> <span class='ocrx_word' id='word_1_12' title='bbox 1548 388 1583 441; x_wconf 75' lang='lat'>5³</span> <span class='ocrx_word' id='word_1_13' title='bbox 1595 389 1604 452; x_wconf 82' lang='grc'>)</span> <span class='ocrx_word' id='word_1_14' title='bbox 1617 402 1624 440; x_wconf 89' lang='lat'>:</span> <span class='ocrx_word' id='word_1_15' title='bbox 1635 389 1670 449; x_wconf 85' lang='lat' dir='ltr'>et,</span> <span class='ocrx_word' id='word_1_16' title='bbox 1679 385 1837 441; x_wconf 80' lang='lat' dir='ltr'>coluruoiiu</span> 
     </span>
     <span class='ocr_line' id='line_1_3' title="bbox 180 476 1834 554; baseline -0.002 -16"><span class='ocrx_word' id='word_1_17' title='bbox 180 476 899 554; x_wconf 73' lang='lat' dir='ltr'>cumoperisady&#39;ectionespontaneacelebrantunlta</span> <span class='ocrx_word' id='word_1_18' title='bbox 909 491 982 531; x_wconf 87' lang='lat' dir='ltr'>nam·</span> <span class='ocrx_word' id='word_1_19' title='bbox 1034 480 1088 532; x_wconf 86' lang='lat' dir='ltr'>ciis</span> <span class='ocrx_word' id='word_1_20' title='bbox 1107 481 1160 534; x_wconf 88' lang='lat' dir='ltr'>mci</span> <span class='ocrx_word' id='word_1_21' title='bbox 1181 480 1348 550; x_wconf 78' lang='lat' dir='ltr'>beneplacita</span> <span class='ocrx_word' id='word_1_22' title='bbox 1364 482 1419 533; x_wconf 82' lang='lat' dir='ltr'>siut</span> <span class='ocrx_word' id='word_1_23' title='bbox 1439 480 1501 542; x_wconf 85' lang='lat' dir='ltr'>tibi,</span> <span class='ocrx_word' id='word_1_24' title='bbox 1524 481 1634 535; x_wconf 85' lang='lat' dir='ltr'>Doruiue</span> <span class='ocrx_word' id='word_1_25' title='bbox 1650 481 1736 546; x_wconf 81' lang='lat' dir='ltr'>(Psoi.</span> <span class='ocrx_word' id='word_1_26' title='bbox 1755 485 1834 547; x_wconf 82' lang='lat' dir='ltr'>tte).</span> 
     </span>
     <span class='ocr_line' id='line_1_4' title="bbox 182 569 1527 650; baseline -0.004 -19"><span class='ocrx_word' id='word_1_27' title='bbox 182 591 235 649; x_wconf 90' lang='lat' dir='ltr'>que</span> <span class='ocrx_word' id='word_1_28' title='bbox 244 573 278 630; x_wconf 89' lang='lat' dir='ltr'>ab</span> <span class='ocrx_word' id='word_1_29' title='bbox 291 575 330 630; x_wconf 92' lang='lat' dir='ltr'>eis</span> <span class='ocrx_word' id='word_1_30' title='bbox 337 574 504 629; x_wconf 89' lang='lat' dir='ltr'>incessanter</span> <span class='ocrx_word' id='word_1_31' title='bbox 516 572 638 643; x_wconf 90' lang='lat' dir='ltr'>operatio</span> <span class='ocrx_word' id='word_1_32' title='bbox 653 583 786 625; x_wconf 90' lang='lat' dir='ltr'>manuum</span> <span class='ocrx_word' id='word_1_33' title='bbox 797 569 926 640; x_wconf 85' lang='lat' dir='ltr'>privatim</span> <span class='ocrx_word' id='word_1_34' title='bbox 934 584 983 640; x_wconf 87' lang='lat' dir='ltr'>per</span> <span class='ocrx_word' id='word_1_35' title='bbox 1338 594 1461 650; x_wconf 73' lang='lat' dir='ltr'>CAPUT</span> <span class='ocrx_word' id='word_1_36' title='bbox 1477 596 1527 649; x_wconf 40' lang='grc' dir='ltr'>ΠΙ.</span> 
     </span>
    </p>
   </div>
   <div class='ocr_carea' id='block_1_3' title="bbox 183 663 1839 850">
    <p class='ocr_par' dir='ltr' id='par_1_3' title="bbox 183 663 1839 850">
     <span class='ocr_line' id='line_1_5' title="bbox 183 663 1826 778; baseline -0.012 -52"><span class='ocrx_word' id='word_1_37' title='bbox 183 667 461 734; x_wconf 89' lang='lat' dir='ltr'>cellulaseiiercetur,</span> <span class='ocrx_word' id='word_1_38' title='bbox 480 673 510 721; x_wconf 94' lang='lat' dir='ltr'>ut</span> <span class='ocrx_word' id='word_1_39' title='bbox 525 665 694 736; x_wconf 89' lang='lat' dir='ltr'>psalmomm</span> <span class='ocrx_word' id='word_1_40' title='bbox 709 677 830 734; x_wconf 88' lang='lat' dir='ltr'>quoque,</span> <span class='ocrx_word' id='word_1_41' title='bbox 844 663 885 718; x_wconf 88' lang='lat' dir='ltr'>rel</span> <span class='ocrx_word' id='word_1_42' title='bbox 900 671 981 719; x_wconf 84' lang='lat' dir='ltr'>eaetc·</span> <span class='ocrx_word' id='word_1_43' title='bbox 1036 709 1284 778; x_wconf 55' lang='lat' dir='ltr'><strong><em>deperomnem</em></strong></span> <span class='ocrx_word' id='word_1_44' title='bbox 1296 711 1432 767; x_wconf 53' lang='lat' dir='ltr'><strong><em>Mentem</em></strong></span> <span class='ocrx_word' id='word_1_45' title='bbox 1445 711 1599 765; x_wconf 50' lang='lat' dir='ltr'><strong><em>solemnitas</em></strong></span> <span class='ocrx_word' id='word_1_46' title='bbox 1615 712 1711 766; x_wconf 45' lang='grc' dir='ltr'>Μία</span> <span class='ocrx_word' id='word_1_47' title='bbox 1734 712 1826 768; x_wconf 62' lang='lat' dir='ltr'>sem</span> 
     </span>
     <span class='ocr_line' id='line_1_6' title="bbox 184 753 1839 850; baseline -0.005 -5"><span class='ocrx_word' id='word_1_48' title='bbox 184 776 276 817; x_wconf 54' lang='lat' dir='ltr'>‘amm</span> <span class='ocrx_word' id='word_1_49' title='bbox 301 761 506 833; x_wconf 57' lang='lat' dir='ltr'>smptu&#39;ffl&#39;um</span> <span class='ocrx_word' id='word_1_50' title='bbox 527 755 671 818; x_wconf 46' lang='lat' dir='ltr'>medinm</span> <span class='ocrx_word' id='word_1_51' title='bbox 696 769 849 826; x_wconf 58' lang='lat' dir='ltr'><strong>numquam</strong></span> <span class='ocrx_word' id='word_1_52' title='bbox 874 755 983 827; x_wconf 51' lang='grc' dir='ltr'>[ΗΜ8</span> <span class='ocrx_word' id='word_1_53' title='bbox 1071 753 1839 850; x_wconf 58' lang='lat' dir='ltr'>oelNoiuu,trieristuiitiimpsulmi&#39;setoratioui&#39;biisfiaia1</span> 
     </span>
    </p>
   </div>
   <div class='ocr_carea' id='block_1_4' title="bbox 157 849 1839 1015">
    <p class='ocr_par' dir='ltr' id='par_1_4' title="bbox 157 849 1839 1015">
     <span class='ocr_line' id='line_1_7' title="bbox 183 849 1839 924; baseline 0 -15"><span class='ocrx_word' id='word_1_54' title='bbox 183 854 337 915; x_wconf 88' lang='lat' dir='ltr'>omittatur.</span> <span class='ocrx_word' id='word_1_55' title='bbox 356 853 407 908; x_wconf 88' lang='lat' dir='ltr'>Cui</span> <span class='ocrx_word' id='word_1_56' title='bbox 426 866 518 924; x_wconf 88' lang='lat' dir='ltr'>preces</span> <span class='ocrx_word' id='word_1_57' title='bbox 537 859 564 907; x_wconf 91' lang='lat' dir='ltr'>et</span> <span class='ocrx_word' id='word_1_58' title='bbox 578 850 717 906; x_wconf 89' lang='lat' dir='ltr'>orationes</span> <span class='ocrx_word' id='word_1_59' title='bbox 736 865 784 920; x_wconf 92' lang='lat' dir='ltr'>per</span> <span class='ocrx_word' id='word_1_60' title='bbox 799 849 904 923; x_wconf 91' lang='lat' dir='ltr'>singula</span> <span class='ocrx_word' id='word_1_61' title='bbox 920 865 979 906; x_wconf 91' lang='lat' dir='ltr'>mo·</span> <span class='ocrx_word' id='word_1_62' title='bbox 1073 854 1118 905; x_wconf 86' lang='lat' dir='ltr'>tur</span> <span class='ocrx_word' id='word_1_63' title='bbox 1136 855 1181 905; x_wconf 84' lang='lat' dir='ltr'>:et</span> <span class='ocrx_word' id='word_1_64' title='bbox 1194 867 1242 905; x_wconf 88' lang='lat' dir='ltr'>cur</span> <span class='ocrx_word' id='word_1_65' title='bbox 1250 853 1390 921; x_wconf 83' lang='lat' dir='ltr'>specialius</span> <span class='ocrx_word' id='word_1_66' title='bbox 1403 854 1465 908; x_wconf 85' lang='lat' dir='ltr'>istis</span> <span class='ocrx_word' id='word_1_67' title='bbox 1479 853 1551 907; x_wconf 78' lang='lat' dir='ltr'>boris</span> <span class='ocrx_word' id='word_1_68' title='bbox 1563 852 1619 917; x_wconf 79' lang='lat' dir='ltr'>liae</span> <span class='ocrx_word' id='word_1_69' title='bbox 1631 854 1770 923; x_wconf 84' lang='lat' dir='ltr'>spiritalia</span> <span class='ocrx_word' id='word_1_70' title='bbox 1781 856 1839 909; x_wconf 86' lang='lat' dir='ltr'>siut</span> 
     </span>
     <span class='ocr_line' id='line_1_8' title="bbox 157 922 1394 1015; baseline -0.011 -12"><span class='ocrx_word' id='word_1_71' title='bbox 157 960 161 968; x_wconf 87' lang='lat'><strong>·</strong></span> <span class='ocrx_word' id='word_1_72' title='bbox 183 955 276 1003; x_wconf 89' lang='lat' dir='ltr'>menta</span> <span class='ocrx_word' id='word_1_73' title='bbox 289 946 446 1011; x_wconf 78' lang='lat' dir='ltr'><strong>miscentes,</strong></span> <span class='ocrx_word' id='word_1_74' title='bbox 459 944 486 998; x_wconf 91' lang='lat' dir='ltr'>in</span> <span class='ocrx_word' id='word_1_75' title='bbox 499 943 541 999; x_wconf 88' lang='lat' dir='ltr'>liis</span> <span class='ocrx_word' id='word_1_76' title='bbox 552 941 653 999; x_wconf 77' lang='lat' dir='ltr'>officiis</span> <span class='ocrx_word' id='word_1_77' title='bbox 667 956 729 1015; x_wconf 78' lang='lat' dir='ltr'>quae</span> <span class='ocrx_word' id='word_1_78' title='bbox 738 956 789 997; x_wconf 87' lang='lat' dir='ltr'>nos</span> <span class='ocrx_word' id='word_1_79' title='bbox 798 949 902 998; x_wconf 78' lang='lat' dir='ltr'>statmo</span> <span class='ocrx_word' id='word_1_80' title='bbox 911 950 982 999; x_wconf 90' lang='lat' dir='ltr'>tem·</span> <span class='ocrx_word' id='word_1_81' title='bbox 1073 922 1166 990; x_wconf 54' lang='grc' dir='ltr'>ΟΜ</span> <span class='ocrx_word' id='word_1_82' title='bbox 1180 922 1321 992; x_wconf 55' lang='lat' dir='ltr'>deputam·</span> <span class='ocrx_word' id='word_1_83' title='bbox 1392 985 1394 989; x_wconf 79' lang='grc'>,</span> 
     </span>
    </p>
   </div>
   <div class='ocr_carea' id='block_1_5' title="bbox 184 1035 1844 1952">
    <p class='ocr_par' dir='ltr' id='par_1_5' title="bbox 184 1035 1844 1952">
     <span class='ocr_line' id='line_1_9' title="bbox 184 1035 1839 1112; baseline 0.002 -19"><span class='ocrx_word' id='word_1_84' title='bbox 184 1035 984 1111; x_wconf 86' lang='lat' dir='ltr'>porecelcbrimns,totumdieitempusnbsumunt.Quam·</span> <span class='ocrx_word' id='word_1_85' title='bbox 1074 1039 1170 1110; x_wconf 86' lang='lat' dir='ltr'>ltaque</span> <span class='ocrx_word' id='word_1_86' title='bbox 1188 1039 1218 1094; x_wconf 91' lang='lat' dir='ltr'>iu</span> <span class='ocrx_word' id='word_1_87' title='bbox 1235 1037 1451 1106; x_wconf 84' lang='lat' dir='ltr'>Palaestinae,vel</span> <span class='ocrx_word' id='word_1_88' title='bbox 1472 1039 1682 1112; x_wconf 78' lang='lat' dir='ltr'>Mesopotamiae</span> <span class='ocrx_word' id='word_1_89' title='bbox 1697 1047 1839 1096; x_wconf 86' lang='lat' dir='ltr'>monaste·</span> 
     </span>
     <span class='ocr_line' id='line_1_10' title="bbox 184 1130 1839 1203; baseline 0.001 -16"><span class='ocrx_word' id='word_1_90' title='bbox 184 1131 282 1188; x_wconf 90' lang='lat' dir='ltr'>obrem</span> <span class='ocrx_word' id='word_1_91' title='bbox 302 1131 422 1203; x_wconf 79' lang='lat' dir='ltr'>exceptis</span> <span class='ocrx_word' id='word_1_92' title='bbox 454 1130 617 1202; x_wconf 83' lang='lat' dir='ltr'>vespertinis</span> <span class='ocrx_word' id='word_1_93' title='bbox 636 1145 668 1185; x_wconf 89' lang='lat' dir='ltr'>ac</span> <span class='ocrx_word' id='word_1_94' title='bbox 691 1130 835 1186; x_wconf 85' lang='lat' dir='ltr'><strong>nocturnis</strong></span> <span class='ocrx_word' id='word_1_95' title='bbox 861 1144 979 1201; x_wconf 88' lang='lat' dir='ltr'>cougre-</span> <span class='ocrx_word' id='word_1_96' title='bbox 1038 1130 1088 1187; x_wconf 90' lang='lat' dir='ltr'>riis</span> <span class='ocrx_word' id='word_1_97' title='bbox 1106 1146 1139 1186; x_wconf 91' lang='lat' dir='ltr'>ac</span> <span class='ocrx_word' id='word_1_98' title='bbox 1152 1131 1238 1186; x_wconf 92' lang='lat' dir='ltr'>totius</span> <span class='ocrx_word' id='word_1_99' title='bbox 1254 1130 1386 1198; x_wconf 86' lang='lat' dir='ltr'>Orientis,</span> <span class='ocrx_word' id='word_1_100' title='bbox 1404 1130 1625 1203; x_wconf 87' lang='lat' dir='ltr'>supradictarum</span> <span class='ocrx_word' id='word_1_101' title='bbox 1640 1130 1774 1186; x_wconf 85' lang='lat' dir='ltr'>horarum</span> <span class='ocrx_word' id='word_1_102' title='bbox 1793 1146 1839 1188; x_wconf 88' lang='lat' dir='ltr'>so·</span> 
     </span>
     <span class='ocr_line' id='line_1_11' title="bbox 184 1218 1841 1297; baseline -0.001 -18"><span class='ocrx_word' id='word_1_103' title='bbox 184 1225 340 1297; x_wconf 90' lang='lat' dir='ltr'>gationibus</span> <span class='ocrx_word' id='word_1_104' title='bbox 352 1225 425 1280; x_wconf 89' lang='lat' dir='ltr'>nulla</span> <span class='ocrx_word' id='word_1_105' title='bbox 437 1223 566 1296; x_wconf 85' lang='lat' dir='ltr'>upudeos</span> <span class='ocrx_word' id='word_1_106' title='bbox 577 1239 625 1295; x_wconf 91' lang='lat' dir='ltr'>pcr</span> <span class='ocrx_word' id='word_1_107' title='bbox 636 1223 712 1280; x_wconf 88' lang='lat' dir='ltr'>diem</span> <span class='ocrx_word' id='word_1_108' title='bbox 730 1222 840 1295; x_wconf 91' lang='lat' dir='ltr'>publice</span> <span class='ocrx_word' id='word_1_109' title='bbox 849 1223 982 1280; x_wconf 89' lang='lat' dir='ltr'>solemni·</span> <span class='ocrx_word' id='word_1_110' title='bbox 1037 1218 1203 1290; x_wconf 85' lang='lat' dir='ltr'>lemnitates,</span> <span class='ocrx_word' id='word_1_111' title='bbox 1220 1221 1301 1277; x_wconf 88' lang='lat' dir='ltr'>trinis</span> <span class='ocrx_word' id='word_1_112' title='bbox 1322 1221 1435 1292; x_wconf 89' lang='lat' dir='ltr'>psalmis</span> <span class='ocrx_word' id='word_1_113' title='bbox 1452 1221 1575 1294; x_wconf 86' lang='lat' dir='ltr'>quotidie</span> <span class='ocrx_word' id='word_1_114' title='bbox 1596 1221 1746 1290; x_wconf 83' lang='lat' dir='ltr'>liniuntur3</span> <span class='ocrx_word' id='word_1_115' title='bbox 1768 1231 1800 1278; x_wconf 91' lang='lat' dir='ltr'>ut</span> <span class='ocrx_word' id='word_1_116' title='bbox 1812 1230 1841 1279; x_wconf 91' lang='lat' dir='ltr'>et</span> 
     </span>
     <span class='ocr_line' id='line_1_12' title="bbox 185 1312 1841 1390; baseline -0.002 -14"><span class='ocrx_word' id='word_1_117' title='bbox 185 1328 237 1388; x_wconf 85' lang='lat' dir='ltr'>tas,</span> <span class='ocrx_word' id='word_1_118' title='bbox 257 1312 380 1390; x_wconf 68' lang='lat' dir='ltr'>absque³</span> <span class='ocrx_word' id='word_1_119' title='bbox 394 1318 437 1374; x_wconf 88' lang='lat' dir='ltr'>die</span> <span class='ocrx_word' id='word_1_120' title='bbox 459 1317 567 1375; x_wconf 89' lang='lat' dir='ltr'>sabbati</span> <span class='ocrx_word' id='word_1_121' title='bbox 583 1317 624 1374; x_wconf 85' lang='lat' dir='ltr'>vel</span> <span class='ocrx_word' id='word_1_122' title='bbox 644 1316 795 1386; x_wconf 89' lang='lat' dir='ltr'>dominica,</span> <span class='ocrx_word' id='word_1_123' title='bbox 819 1318 983 1387; x_wconf 87' lang='lat' dir='ltr'>celebratur,</span> <span class='ocrx_word' id='word_1_124' title='bbox 1038 1314 1197 1370; x_wconf 90' lang='lat' dir='ltr'>orationum</span> <span class='ocrx_word' id='word_1_125' title='bbox 1213 1313 1361 1371; x_wconf 82' lang='lat' dir='ltr'>assiduitas</span> <span class='ocrx_word' id='word_1_126' title='bbox 1373 1316 1482 1372; x_wconf 83' lang='lat' dir='ltr'>statutis</span> <span class='ocrx_word' id='word_1_127' title='bbox 1503 1313 1676 1388; x_wconf 84' lang='lat' dir='ltr'>temporibus</span> <span class='ocrx_word' id='word_1_128' title='bbox 1691 1320 1750 1373; x_wconf 90' lang='lat' dir='ltr'>Deo</span> <span class='ocrx_word' id='word_1_129' title='bbox 1769 1315 1841 1374; x_wconf 85' lang='lat' dir='ltr'>osie-</span> 
     </span>
     <span class='ocr_line' id='line_1_13' title="bbox 185 1408 1842 1484; baseline -0.002 -15"><span class='ocrx_word' id='word_1_130' title='bbox 185 1411 328 1484; x_wconf 87' lang='lat' dir='ltr'>inquibus</span> <span class='ocrx_word' id='word_1_131' title='bbox 350 1411 417 1468; x_wconf 88' lang='lat' dir='ltr'>liora</span> <span class='ocrx_word' id='word_1_132' title='bbox 437 1411 518 1467; x_wconf 90' lang='lat' dir='ltr'>tertia</span> <span class='ocrx_word' id='word_1_133' title='bbox 537 1426 623 1468; x_wconf 84' lang='lat' dir='ltr'>sacrae</span> <span class='ocrx_word' id='word_1_134' title='bbox 639 1411 845 1468; x_wconf 89' lang='lat' dir='ltr'>communionis</span> <span class='ocrx_word' id='word_1_135' title='bbox 869 1410 985 1468; x_wconf 86' lang='lat' dir='ltr'>obtentu</span> <span class='ocrx_word' id='word_1_136' title='bbox 1039 1417 1127 1476; x_wconf 88' lang='lat' dir='ltr'>ratur,</span> <span class='ocrx_word' id='word_1_137' title='bbox 1142 1409 1334 1465; x_wconf 90' lang='lat' dir='ltr'>etnecessaria</span> <span class='ocrx_word' id='word_1_138' title='bbox 1354 1409 1522 1479; x_wconf 82' lang='lat' dir='ltr'>operationis</span> <span class='ocrx_word' id='word_1_139' title='bbox 1536 1408 1629 1465; x_wconf 88' lang='lat' dir='ltr'>oiiieia</span> <span class='ocrx_word' id='word_1_140' title='bbox 1640 1409 1842 1467; x_wconf 88' lang='lat' dir='ltr'>consummatis</span> 
     </span>
     <span class='ocr_line' id='line_1_14' title="bbox 184 1499 1838 1575; baseline -0.001 -13"><span class='ocrx_word' id='word_1_141' title='bbox 184 1505 361 1562; x_wconf 86' lang='lat' dir='ltr'>conveniunt.</span> <span class='ocrx_word' id='word_1_142' title='bbox 380 1506 443 1561; x_wconf 86' lang='lat' dir='ltr'>Plus</span> <span class='ocrx_word' id='word_1_143' title='bbox 454 1505 528 1560; x_wconf 89' lang='lat' dir='ltr'>enim</span> <span class='ocrx_word' id='word_1_144' title='bbox 540 1513 582 1560; x_wconf 89' lang='lat' dir='ltr'>est</span> <span class='ocrx_word' id='word_1_145' title='bbox 594 1506 622 1561; x_wconf 94' lang='lat' dir='ltr'>id</span> <span class='ocrx_word' id='word_1_146' title='bbox 633 1503 708 1575; x_wconf 90' lang='lat' dir='ltr'>quod</span> <span class='ocrx_word' id='word_1_147' title='bbox 721 1505 889 1560; x_wconf 79' lang='lat' dir='ltr'>incessanter</span> <span class='ocrx_word' id='word_1_148' title='bbox 900 1503 984 1561; x_wconf 87' lang='lat' dir='ltr'>oiier·</span> <span class='ocrx_word' id='word_1_149' title='bbox 1034 1500 1112 1574; x_wconf 86' lang='lat' dir='ltr'>justo</span> <span class='ocrx_word' id='word_1_150' title='bbox 1126 1499 1316 1558; x_wconf 81' lang='lat' dir='ltr'>moderamine</span> <span class='ocrx_word' id='word_1_151' title='bbox 1328 1501 1498 1572; x_wconf 69' lang='lat' dir='ltr'>spiritalibus</span> <span class='ocrx_word' id='word_1_152' title='bbox 1511 1502 1660 1573; x_wconf 85' lang='lat' dir='ltr'>obsequiis,</span> <span class='ocrx_word' id='word_1_153' title='bbox 1681 1502 1838 1561; x_wconf 78' lang='lat' dir='ltr'>nuliatenus</span> 
     </span>
     <span class='ocr_line' id='line_1_15' title="bbox 187 1595 1841 1671; baseline 0.001 -17"><span class='ocrx_word' id='word_1_154' title='bbox 187 1607 242 1668; x_wconf 89' lang='lat' dir='ltr'>tur,</span> <span class='ocrx_word' id='word_1_155' title='bbox 258 1598 427 1671; x_wconf 87' lang='lat' dir='ltr'>quamquod</span> <span class='ocrx_word' id='word_1_156' title='bbox 441 1614 490 1670; x_wconf 88' lang='lat' dir='ltr'>per</span> <span class='ocrx_word' id='word_1_157' title='bbox 502 1597 635 1670; x_wconf 89' lang='lat' dir='ltr'>temporis</span> <span class='ocrx_word' id='word_1_158' title='bbox 649 1597 790 1654; x_wconf 80' lang='lat' dir='ltr'>intervalia</span> <span class='ocrx_word' id='word_1_159' title='bbox 807 1597 984 1670; x_wconf 80' lang='lat' dir='ltr'>persolvitur3</span> <span class='ocrx_word' id='word_1_160' title='bbox 1040 1597 1147 1652; x_wconf 89' lang='lat' dir='ltr'>valeant</span> <span class='ocrx_word' id='word_1_161' title='bbox 1173 1596 1299 1668; x_wconf 89' lang='lat' dir='ltr'>impediri</span> <span class='ocrx_word' id='word_1_162' title='bbox 1332 1602 1367 1652; x_wconf 79' lang='lat'>:⁸</span> <span class='ocrx_word' id='word_1_163' title='bbox 1387 1596 1431 1653; x_wconf 90' lang='lat' dir='ltr'>bis</span> <span class='ocrx_word' id='word_1_164' title='bbox 1453 1597 1528 1654; x_wconf 91' lang='lat' dir='ltr'>enim</span> <span class='ocrx_word' id='word_1_165' title='bbox 1552 1595 1642 1654; x_wconf 87' lang='lat' dir='ltr'>tribus</span> <span class='ocrx_word' id='word_1_166' title='bbox 1667 1597 1841 1669; x_wconf 85' lang='lat' dir='ltr'>temporibus</span> 
     </span>
     <span class='ocr_line' id='line_1_16' title="bbox 187 1689 1841 1766; baseline -0.001 -17"><span class='ocrx_word' id='word_1_167' title='bbox 187 1702 214 1750; x_wconf 92' lang='lat' dir='ltr'>et</span> <span class='ocrx_word' id='word_1_168' title='bbox 225 1697 237 1728; x_wconf 73' lang='lat'><strong>⁶</strong></span> <span class='ocrx_word' id='word_1_169' title='bbox 248 1693 352 1766; x_wconf 86' lang='lat' dir='ltr'>gratius</span> <span class='ocrx_word' id='word_1_170' title='bbox 366 1699 407 1749; x_wconf 90' lang='lat' dir='ltr'>est</span> <span class='ocrx_word' id='word_1_171' title='bbox 416 1691 602 1748; x_wconf 87' lang='lat' dir='ltr'>voluntarium</span> <span class='ocrx_word' id='word_1_172' title='bbox 613 1706 817 1762; x_wconf 89' lang='lat' dir='ltr'>munus,qoam</span> <span class='ocrx_word' id='word_1_173' title='bbox 830 1689 986 1747; x_wconf 77' lang='lat' dir='ltr'>functiones</span> <span class='ocrx_word' id='word_1_174' title='bbox 1042 1689 1126 1746; x_wconf 89' lang='lat' dir='ltr'>etiarn</span> <span class='ocrx_word' id='word_1_175' title='bbox 1142 1689 1284 1746; x_wconf 82' lang='lat' dir='ltr'>Danielem</span> <span class='ocrx_word' id='word_1_176' title='bbox 1299 1690 1463 1763; x_wconf 89' lang='lat' dir='ltr'>proplietam</span> <span class='ocrx_word' id='word_1_177' title='bbox 1475 1689 1598 1761; x_wconf 87' lang='lat' dir='ltr'>quotidie</span> <span class='ocrx_word' id='word_1_178' title='bbox 1612 1689 1741 1747; x_wconf 82' lang='lat' dir='ltr'>fenestris</span> <span class='ocrx_word' id='word_1_179' title='bbox 1760 1707 1841 1762; x_wconf 90' lang='lat' dir='ltr'>aper·</span> 
     </span>
     <span class='ocr_line' id='line_1_17' title="bbox 187 1749 1842 1859; baseline 0.001 -18"><span class='ocrx_word' id='word_1_180' title='bbox 187 1803 250 1859; x_wconf 83' lang='lat' dir='ltr'>quae</span> <span class='ocrx_word' id='word_1_181' title='bbox 262 1786 394 1842; x_wconf 89' lang='lat' dir='ltr'>canoniea</span> <span class='ocrx_word' id='word_1_182' title='bbox 408 1785 599 1855; x_wconf 84' lang='lat' dir='ltr'>compulsione</span> <span class='ocrx_word' id='word_1_183' title='bbox 609 1783 763 1842; x_wconf 90' lang='lat' dir='ltr'>redduntur</span> <span class='ocrx_word' id='word_1_184' title='bbox 775 1804 782 1838; x_wconf 81' lang='lat' dir='ltr'><em>z</em></span> <span class='ocrx_word' id='word_1_185' title='bbox 794 1800 843 1855; x_wconf 90' lang='lat' dir='ltr'>pro</span> <span class='ocrx_word' id='word_1_186' title='bbox 853 1784 907 1840; x_wconf 92' lang='lat' dir='ltr'>boc</span> <span class='ocrx_word' id='word_1_187' title='bbox 917 1800 986 1856; x_wconf 90' lang='lat' dir='ltr'>quo·</span> <span class='ocrx_word' id='word_1_188' title='bbox 1002 1749 1026 1810; x_wconf 79' lang='grc' dir='ltr'><strong>Β</strong></span> <span class='ocrx_word' id='word_1_189' title='bbox 1043 1785 1079 1840; x_wconf 89' lang='lat' dir='ltr'>tis</span> <span class='ocrx_word' id='word_1_190' title='bbox 1091 1783 1119 1839; x_wconf 92' lang='lat' dir='ltr'>iri</span> <span class='ocrx_word' id='word_1_191' title='bbox 1130 1784 1273 1841; x_wconf 86' lang='lat' dir='ltr'>coenaculo</span> <span class='ocrx_word' id='word_1_192' title='bbox 1289 1800 1383 1857; x_wconf 89' lang='lat' dir='ltr'>preces</span> <span class='ocrx_word' id='word_1_193' title='bbox 1396 1785 1519 1841; x_wconf 92' lang='lat' dir='ltr'>Domino</span> <span class='ocrx_word' id='word_1_194' title='bbox 1531 1783 1635 1840; x_wconf 82' lang='lat' dir='ltr'>fudisse</span> <span class='ocrx_word' id='word_1_195' title='bbox 1646 1786 1842 1859; x_wconf 77' lang='lat' dir='ltr'>cognoscimus</span> 
     </span>
     <span class='ocr_line' id='line_1_18' title="bbox 188 1868 1844 1952; baseline 0.002 -17"><span class='ocrx_word' id='word_1_196' title='bbox 188 1895 242 1951; x_wconf 86' lang='lat' dir='ltr'>que</span> <span class='ocrx_word' id='word_1_197' title='bbox 259 1879 346 1936; x_wconf 90' lang='lat' dir='ltr'>David</span> <span class='ocrx_word' id='word_1_198' title='bbox 357 1878 502 1951; x_wconf 79' lang='lat' dir='ltr'>gloriosius</span> <span class='ocrx_word' id='word_1_199' title='bbox 515 1877 622 1950; x_wconf 79' lang='lat' dir='ltr'>aliquid</span> <span class='ocrx_word' id='word_1_200' title='bbox 635 1877 799 1943; x_wconf 83' lang='lat' dir='ltr'>exsultante,</span> <span class='ocrx_word' id='word_1_201' title='bbox 814 1893 878 1934; x_wconf 89' lang='lat' dir='ltr'>cum</span> <span class='ocrx_word' id='word_1_202' title='bbox 895 1876 963 1935; x_wconf 86' lang='lat' dir='ltr'>dicit</span> <span class='ocrx_word' id='word_1_203' title='bbox 978 1899 984 1936; x_wconf 92' lang='lat'><strong>:</strong></span> <span class='ocrx_word' id='word_1_204' title='bbox 1041 1872 1128 1946; x_wconf 82' lang='lat' dir='ltr'>(Dari.</span> <span class='ocrx_word' id='word_1_205' title='bbox 1149 1881 1210 1945; x_wconf 82' lang='lat' dir='ltr'>vi).</span> <span class='ocrx_word' id='word_1_206' title='bbox 1225 1868 1234 1908; x_wconf 80' lang='lat'><strong>¹</strong></span> <span class='ocrx_word' id='word_1_207' title='bbox 1254 1881 1310 1935; x_wconf 87' lang='lat' dir='ltr'>llcc</span> <span class='ocrx_word' id='word_1_208' title='bbox 1325 1879 1467 1935; x_wconf 88' lang='lat' dir='ltr'>immerito</span> <span class='ocrx_word' id='word_1_209' title='bbox 1485 1877 1545 1935; x_wconf 85' lang='lat' dir='ltr'>iiaec</span> <span class='ocrx_word' id='word_1_210' title='bbox 1558 1879 1703 1951; x_wconf 90' lang='lat' dir='ltr'>specialius</span> <span class='ocrx_word' id='word_1_211' title='bbox 1716 1887 1844 1952; x_wconf 90' lang='lat' dir='ltr'>tempora</span> 
     </span>
    </p>
   </div>
   <div class='ocr_carea' id='block_1_6' title="bbox 732 2000 1292 2069">
    <p class='ocr_par' dir='ltr' id='par_1_6' title="bbox 732 2000 1292 2069">
     <span class='ocr_line' id='line_1_19' title="bbox 732 2000 1292 2069; baseline 0.004 -3"><span class='ocrx_word' id='word_1_212' title='bbox 732 2011 859 2067; x_wconf 80' lang='lat' dir='ltr'>risaei</span> <span class='ocrx_word' id='word_1_213' title='bbox 879 2012 994 2068; x_wconf 76' lang='lat' dir='ltr'>anzei</span> <span class='ocrx_word' id='word_1_214' title='bbox 1012 2000 1292 2069; x_wconf 81' lang='lat' dir='ltr'>coiiiinnrinius</span> 
     </span>
    </p>
   </div>
   <div class='ocr_carea' id='block_1_7' title="bbox 154 2116 1860 4183">
    <p class='ocr_par' dir='ltr' id='par_1_7' title="bbox 154 2116 1860 4183">
     <span class='ocr_line' id='line_1_20' title="bbox 154 2116 1843 2199; baseline 0 -15"><span class='ocrx_word' id='word_1_215' title='bbox 154 2116 157 2121; x_wconf 59' lang='grc'><strong><em>’</em></strong></span> <span class='ocrx_word' id='word_1_216' title='bbox 188 2137 240 2195; x_wconf 91' lang='lat' dir='ltr'>est,</span> <span class='ocrx_word' id='word_1_217' title='bbox 257 2127 316 2198; x_wconf 91' lang='lat' dir='ltr'>pari</span> <span class='ocrx_word' id='word_1_218' title='bbox 336 2127 469 2183; x_wconf 85' lang='lat' dir='ltr'>existente</span> <span class='ocrx_word' id='word_1_219' title='bbox 480 2125 637 2194; x_wconf 78' lang='lat' dir='ltr'>deuotione,</span> <span class='ocrx_word' id='word_1_220' title='bbox 654 2135 682 2182; x_wconf 92' lang='lat' dir='ltr'>et</span> <span class='ocrx_word' id='word_1_221' title='bbox 702 2127 862 2191; x_wconf 90' lang='lat' dir='ltr'>attentione,</span> <span class='ocrx_word' id='word_1_222' title='bbox 877 2127 991 2199; x_wconf 82' lang='lat' dir='ltr'>aliisque</span> <span class='ocrx_word' id='word_1_223' title='bbox 1045 2127 1163 2183; x_wconf 88' lang='lat' dir='ltr'>luntaria</span> <span class='ocrx_word' id='word_1_224' title='bbox 1180 2126 1225 2182; x_wconf 90' lang='lat' dir='ltr'>illa</span> <span class='ocrx_word' id='word_1_225' title='bbox 1245 2142 1370 2194; x_wconf 91' lang='lat' dir='ltr'>munera,</span> <span class='ocrx_word' id='word_1_226' title='bbox 1388 2126 1416 2182; x_wconf 94' lang='lat' dir='ltr'>id</span> <span class='ocrx_word' id='word_1_227' title='bbox 1434 2134 1487 2192; x_wconf 92' lang='lat' dir='ltr'>est,</span> <span class='ocrx_word' id='word_1_228' title='bbox 1507 2134 1669 2197; x_wconf 90' lang='lat' dir='ltr'>spontanea,</span> <span class='ocrx_word' id='word_1_229' title='bbox 1688 2135 1715 2182; x_wconf 91' lang='lat' dir='ltr'>et</span> <span class='ocrx_word' id='word_1_230' title='bbox 1736 2128 1843 2199; x_wconf 79' lang='lat' dir='ltr'>privata</span> 
     </span>
     <span class='ocr_line' id='line_1_21' title="bbox 188 2195 1845 2269; baseline 0 -14"><span class='ocrx_word' id='word_1_231' title='bbox 188 2197 428 2267; x_wconf 70' lang='lat' dir='ltr'>circumstantiis,</span> <span class='ocrx_word' id='word_1_232' title='bbox 453 2196 516 2252; x_wconf 86' lang='lat' dir='ltr'>licet</span> <span class='ocrx_word' id='word_1_233' title='bbox 537 2197 671 2269; x_wconf 86' lang='lat' dir='ltr'>majorem</span> <span class='ocrx_word' id='word_1_234' title='bbox 693 2197 836 2269; x_wconf 89' lang='lat' dir='ltr'>requirant</span> <span class='ocrx_word' id='word_1_235' title='bbox 856 2213 991 2255; x_wconf 88' lang='lat' dir='ltr'>sensuum</span> <span class='ocrx_word' id='word_1_236' title='bbox 1044 2196 1212 2263; x_wconf 75' lang='lat' dir='ltr'>devotionis,</span> <span class='ocrx_word' id='word_1_237' title='bbox 1233 2206 1261 2253; x_wconf 87' lang='lat' dir='ltr'>et</span> <span class='ocrx_word' id='word_1_238' title='bbox 1274 2196 1527 2269; x_wconf 81' lang='lat' dir='ltr'>supererogationis</span> <span class='ocrx_word' id='word_1_239' title='bbox 1553 2195 1645 2253; x_wconf 84' lang='lat' dir='ltr'>officia</span> <span class='ocrx_word' id='word_1_240' title='bbox 1665 2199 1725 2253; x_wconf 92' lang='lat' dir='ltr'>Deo</span> <span class='ocrx_word' id='word_1_241' title='bbox 1743 2198 1845 2255; x_wconf 66' lang='lat' dir='ltr'>&#39;oflere-</span> 
     </span>
     <span class='ocr_line' id='line_1_22' title="bbox 190 2268 1844 2341; baseline 0 -15"><span class='ocrx_word' id='word_1_242' title='bbox 190 2269 414 2338; x_wconf 90' lang='lat' dir='ltr'>occupationem.</span> <span class='ocrx_word' id='word_1_243' title='bbox 1044 2268 1130 2336; x_wconf 78' lang='lat' dir='ltr'>baiit3</span> <span class='ocrx_word' id='word_1_244' title='bbox 1151 2277 1182 2323; x_wconf 92' lang='lat' dir='ltr'>nt</span> <span class='ocrx_word' id='word_1_245' title='bbox 1194 2284 1229 2323; x_wconf 91' lang='lat' dir='ltr'>ne</span> <span class='ocrx_word' id='word_1_246' title='bbox 1243 2277 1345 2339; x_wconf 90' lang='lat' dir='ltr'>puncto</span> <span class='ocrx_word' id='word_1_247' title='bbox 1360 2270 1472 2341; x_wconf 91' lang='lat' dir='ltr'>quidem</span> <span class='ocrx_word' id='word_1_248' title='bbox 1485 2270 1618 2338; x_wconf 90' lang='lat' dir='ltr'>temporis</span> <span class='ocrx_word' id='word_1_249' title='bbox 1631 2285 1645 2323; x_wconf 91' lang='lat' dir='ltr'>a</span> <span class='ocrx_word' id='word_1_250' title='bbox 1661 2270 1712 2324; x_wconf 91' lang='lat' dir='ltr'>Dei</span> <span class='ocrx_word' id='word_1_251' title='bbox 1731 2269 1844 2326; x_wconf 85' lang='lat' dir='ltr'>servitio</span> 
     </span>
     <span class='ocr_line' id='line_1_23' title="bbox 226 2337 1841 2410; baseline 0.001 -16"><span class='ocrx_word' id='word_1_252' title='bbox 226 2343 238 2372; x_wconf 82' lang='lat'>⁸</span> <span class='ocrx_word' id='word_1_253' title='bbox 254 2339 352 2406; x_wconf 87' lang='lat' dir='ltr'>idest,</span> <span class='ocrx_word' id='word_1_254' title='bbox 368 2337 799 2409; x_wconf 87' lang='lat' dir='ltr'>pulsusiiesonituSuperioris,</span> <span class='ocrx_word' id='word_1_255' title='bbox 816 2339 856 2394; x_wconf 86' lang='lat' dir='ltr'>rel</span> <span class='ocrx_word' id='word_1_256' title='bbox 876 2338 990 2395; x_wconf 87' lang='lat' dir='ltr'>alterius</span> <span class='ocrx_word' id='word_1_257' title='bbox 1043 2347 1187 2405; x_wconf 84' lang='lat' dir='ltr'>iacarent;</span> <span class='ocrx_word' id='word_1_258' title='bbox 1212 2339 1285 2409; x_wconf 90' lang='lat' dir='ltr'>quod</span> <span class='ocrx_word' id='word_1_259' title='bbox 1302 2339 1341 2394; x_wconf 89' lang='lat' dir='ltr'>uti</span> <span class='ocrx_word' id='word_1_260' title='bbox 1363 2356 1397 2395; x_wconf 92' lang='lat' dir='ltr'>oe</span> <span class='ocrx_word' id='word_1_261' title='bbox 1417 2340 1526 2406; x_wconf 89' lang='lat' dir='ltr'>melius,</span> <span class='ocrx_word' id='word_1_262' title='bbox 1548 2347 1575 2394; x_wconf 90' lang='lat' dir='ltr'>et</span> <span class='ocrx_word' id='word_1_263' title='bbox 1595 2343 1653 2394; x_wconf 93' lang='lat' dir='ltr'>Deo</span> <span class='ocrx_word' id='word_1_264' title='bbox 1669 2339 1775 2410; x_wconf 91' lang='lat' dir='ltr'>gratius</span> <span class='ocrx_word' id='word_1_265' title='bbox 1789 2348 1841 2408; x_wconf 90' lang='lat' dir='ltr'>est,</span> 
     </span>
     <span class='ocr_line' id='line_1_24' title="bbox 191 2355 1840 2483; baseline 0 -16"><span class='ocrx_word' id='word_1_266' title='bbox 191 2409 227 2467; x_wconf 92' lang='lat' dir='ltr'>ad</span> <span class='ocrx_word' id='word_1_267' title='bbox 246 2426 315 2480; x_wconf 91' lang='lat' dir='ltr'>opus</span> <span class='ocrx_word' id='word_1_268' title='bbox 342 2409 403 2474; x_wconf 87' lang='lat' dir='ltr'>Dei,</span> <span class='ocrx_word' id='word_1_269' title='bbox 421 2424 470 2466; x_wconf 91' lang='lat' dir='ltr'>seu</span> <span class='ocrx_word' id='word_1_270' title='bbox 483 2408 606 2465; x_wconf 83' lang='lat' dir='ltr'>officium</span> <span class='ocrx_word' id='word_1_271' title='bbox 625 2408 748 2464; x_wconf 80' lang='lat' dir='ltr'>divinum</span> <span class='ocrx_word' id='word_1_272' title='bbox 764 2411 904 2466; x_wconf 87' lang='lat' dir='ltr'>evocantis</span> <span class='ocrx_word' id='word_1_273' title='bbox 925 2430 932 2466; x_wconf 93' lang='lat'>:</span> <span class='ocrx_word' id='word_1_274' title='bbox 956 2409 990 2466; x_wconf 88' lang='lat' dir='ltr'>do</span> <span class='ocrx_word' id='word_1_275' title='bbox 1043 2409 1204 2483; x_wconf 90' lang='lat' dir='ltr'>quamsolis</span> <span class='ocrx_word' id='word_1_276' title='bbox 1226 2408 1327 2465; x_wconf 89' lang='lat' dir='ltr'>ciliciis</span> <span class='ocrx_word' id='word_1_277' title='bbox 1344 2355 1456 2474; x_wconf 65' lang='lat' dir='ltr'>babilis,</span> <span class='ocrx_word' id='word_1_278' title='bbox 1473 2418 1501 2466; x_wconf 90' lang='lat' dir='ltr'>et</span> <span class='ocrx_word' id='word_1_279' title='bbox 1519 2410 1686 2480; x_wconf 76' lang='lat' dir='ltr'>praescriptis</span> <span class='ocrx_word' id='word_1_280' title='bbox 1700 2427 1751 2466; x_wconf 91' lang='lat' dir='ltr'>suo</span> <span class='ocrx_word' id='word_1_281' title='bbox 1765 2419 1840 2467; x_wconf 91' lang='lat' dir='ltr'>teui-</span> 
     </span>
     <span class='ocr_line' id='line_1_25' title="bbox 190 2480 1845 2553; baseline 0.001 -17"><span class='ocrx_word' id='word_1_282' title='bbox 190 2497 245 2553; x_wconf 89' lang='lat' dir='ltr'>quo</span> <span class='ocrx_word' id='word_1_283' title='bbox 260 2481 344 2536; x_wconf 88' lang='lat' dir='ltr'>etiam</span> <span class='ocrx_word' id='word_1_284' title='bbox 366 2483 400 2535; x_wconf 90' lang='lat' dir='ltr'>D.</span> <span class='ocrx_word' id='word_1_285' title='bbox 420 2480 594 2547; x_wconf 87' lang='lat' dir='ltr'>Benedictus,</span> <span class='ocrx_word' id='word_1_286' title='bbox 608 2494 668 2550; x_wconf 89' lang='lat' dir='ltr'>cap.</span> <span class='ocrx_word' id='word_1_287' title='bbox 684 2486 717 2534; x_wconf 78' lang='lat' dir='ltr'>tt</span> <span class='ocrx_word' id='word_1_288' title='bbox 734 2481 848 2552; x_wconf 85' lang='lat' dir='ltr'>Regulae</span> <span class='ocrx_word' id='word_1_289' title='bbox 874 2502 880 2537; x_wconf 92' lang='lat'>:</span> <span class='ocrx_word' id='word_1_290' title='bbox 896 2486 935 2538; x_wconf 93' lang='lat' dir='ltr'>De</span> <span class='ocrx_word' id='word_1_291' title='bbox 947 2484 989 2536; x_wconf 87' lang='lat' dir='ltr'>si·</span> <span class='ocrx_word' id='word_1_292' title='bbox 1044 2497 1110 2552; x_wconf 90' lang='lat' dir='ltr'>pore</span> <span class='ocrx_word' id='word_1_293' title='bbox 1124 2480 1282 2536; x_wconf 79' lang='lat' dir='ltr'>satisfacere</span> <span class='ocrx_word' id='word_1_294' title='bbox 1303 2499 1309 2535; x_wconf 79' lang='grc' dir='ltr'><em>ι</em></span> <span class='ocrx_word' id='word_1_295' title='bbox 1330 2482 1394 2535; x_wconf 88' lang='lat' dir='ltr'>Plus</span> <span class='ocrx_word' id='word_1_296' title='bbox 1407 2484 1478 2535; x_wconf 83' lang='lat' dir='ltr'>eiiim</span> <span class='ocrx_word' id='word_1_297' title='bbox 1492 2485 1541 2542; x_wconf 88' lang='lat' dir='ltr'>est,</span> <span class='ocrx_word' id='word_1_298' title='bbox 1557 2480 1657 2550; x_wconf 83' lang='lat' dir='ltr'>inquit,</span> <span class='ocrx_word' id='word_1_299' title='bbox 1667 2482 1699 2534; x_wconf 83' lang='lat' dir='ltr'>id</span> <span class='ocrx_word' id='word_1_300' title='bbox 1712 2482 1785 2550; x_wconf 82' lang='lat' dir='ltr'>quod</span> <span class='ocrx_word' id='word_1_301' title='bbox 1798 2484 1845 2537; x_wconf 86' lang='lat' dir='ltr'>iu·</span> 
     </span>
     <span class='ocr_line' id='line_1_26' title="bbox 192 2551 1848 2622; baseline 0 -16"><span class='ocrx_word' id='word_1_302' title='bbox 192 2552 347 2621; x_wconf 68' lang='lat' dir='ltr'>purificando</span> <span class='ocrx_word' id='word_1_303' title='bbox 362 2553 429 2606; x_wconf 83' lang='lat' dir='ltr'>beru</span> <span class='ocrx_word' id='word_1_304' title='bbox 447 2554 534 2622; x_wconf 86' lang='lat' dir='ltr'>operis</span> <span class='ocrx_word' id='word_1_305' title='bbox 549 2553 607 2607; x_wconf 86' lang='lat' dir='ltr'>Dei.</span> <span class='ocrx_word' id='word_1_306' title='bbox 632 2555 752 2621; x_wconf 77' lang='lat' dir='ltr'>Apparet</span> <span class='ocrx_word' id='word_1_307' title='bbox 775 2560 867 2608; x_wconf 89' lang='lat' dir='ltr'>autem</span> <span class='ocrx_word' id='word_1_308' title='bbox 882 2567 915 2608; x_wconf 84' lang='lat' dir='ltr'>eii</span> <span class='ocrx_word' id='word_1_309' title='bbox 936 2551 990 2608; x_wconf 85' lang='lat' dir='ltr'>boc</span> <span class='ocrx_word' id='word_1_310' title='bbox 1043 2556 1176 2608; x_wconf 74' lang='lat' dir='ltr'>cessantes</span> <span class='ocrx_word' id='word_1_311' title='bbox 1187 2551 1848 2622; x_wconf 72' lang='lat' dir='ltr'>offertue,puampuodtemporisiuteioallopcr-</span> 
     </span>
     <span class='ocr_line' id='line_1_27' title="bbox 193 2619 1847 2696; baseline -0.001 -17"><span class='ocrx_word' id='word_1_312' title='bbox 193 2624 264 2689; x_wconf 91' lang='lat' dir='ltr'>loco,</span> <span class='ocrx_word' id='word_1_313' title='bbox 277 2631 304 2679; x_wconf 93' lang='lat' dir='ltr'>et</span> <span class='ocrx_word' id='word_1_314' title='bbox 316 2622 404 2679; x_wconf 91' lang='lat' dir='ltr'>multo</span> <span class='ocrx_word' id='word_1_315' title='bbox 417 2623 506 2695; x_wconf 82' lang='lat' dir='ltr'>magis</span> <span class='ocrx_word' id='word_1_316' title='bbox 524 2638 555 2679; x_wconf 83' lang='lat' dir='ltr'>eir</span> <span class='ocrx_word' id='word_1_317' title='bbox 570 2637 634 2692; x_wconf 89' lang='lat' dir='ltr'>cap.</span> <span class='ocrx_word' id='word_1_318' title='bbox 650 2626 682 2676; x_wconf 79' lang='lat'>12</span> <span class='ocrx_word' id='word_1_319' title='bbox 707 2622 755 2677; x_wconf 90' lang='lat' dir='ltr'>lib.</span> <span class='ocrx_word' id='word_1_320' title='bbox 767 2638 808 2688; x_wconf 89' lang='lat' dir='ltr'>iii,</span> <span class='ocrx_word' id='word_1_321' title='bbox 830 2623 892 2679; x_wconf 94' lang='lat' dir='ltr'>loco</span> <span class='ocrx_word' id='word_1_322' title='bbox 905 2638 983 2678; x_wconf 91' lang='lat' dir='ltr'>cam-</span> <span class='ocrx_word' id='word_1_323' title='bbox 1043 2625 1167 2696; x_wconf 76' lang='lat' dir='ltr'>soluitur.</span> <span class='ocrx_word' id='word_1_324' title='bbox 1186 2619 1305 2677; x_wconf 87' lang='lat' dir='ltr'>Proinde</span> <span class='ocrx_word' id='word_1_325' title='bbox 1319 2638 1374 2677; x_wconf 90' lang='lat' dir='ltr'>non</span> <span class='ocrx_word' id='word_1_326' title='bbox 1389 2629 1531 2693; x_wconf 90' lang='lat' dir='ltr'>separatur</span> <span class='ocrx_word' id='word_1_327' title='bbox 1545 2621 1589 2677; x_wconf 91' lang='lat' dir='ltr'>liic</span> <span class='ocrx_word' id='word_1_328' title='bbox 1605 2637 1705 2678; x_wconf 89' lang='lat' dir='ltr'>munus</span> <span class='ocrx_word' id='word_1_329' title='bbox 1719 2621 1847 2678; x_wconf 81' lang='lat' dir='ltr'>volunta·</span> 
     </span>
     <span class='ocr_line' id='line_1_28' title="bbox 194 2691 1846 2766; baseline -0.001 -17"><span class='ocrx_word' id='word_1_330' title='bbox 194 2708 271 2763; x_wconf 78' lang='lat' dir='ltr'>panae</span> <span class='ocrx_word' id='word_1_331' title='bbox 293 2709 348 2764; x_wconf 85' lang='lat' dir='ltr'>qua</span> <span class='ocrx_word' id='word_1_332' title='bbox 371 2708 445 2750; x_wconf 92' lang='lat' dir='ltr'>nunc</span> <span class='ocrx_word' id='word_1_333' title='bbox 467 2693 582 2758; x_wconf 86' lang='lat' dir='ltr'>utimur,</span> <span class='ocrx_word' id='word_1_334' title='bbox 594 2707 662 2747; x_wconf 91' lang='lat' dir='ltr'>usos</span> <span class='ocrx_word' id='word_1_335' title='bbox 679 2692 740 2748; x_wconf 92' lang='lat' dir='ltr'>ilios</span> <span class='ocrx_word' id='word_1_336' title='bbox 758 2691 842 2749; x_wconf 88' lang='lat' dir='ltr'>inisse</span> <span class='ocrx_word' id='word_1_337' title='bbox 860 2695 940 2766; x_wconf 91' lang='lat' dir='ltr'>pulsu</span> <span class='ocrx_word' id='word_1_338' title='bbox 955 2692 990 2751; x_wconf 91' lang='lat' dir='ltr'>ad</span> <span class='ocrx_word' id='word_1_339' title='bbox 1043 2693 1117 2750; x_wconf 89' lang='lat' dir='ltr'>riom</span> <span class='ocrx_word' id='word_1_340' title='bbox 1132 2709 1148 2748; x_wconf 90' lang='lat' dir='ltr'>a</span> <span class='ocrx_word' id='word_1_341' title='bbox 1165 2692 1355 2748; x_wconf 81' lang='lat' dir='ltr'>functionibus</span> <span class='ocrx_word' id='word_1_342' title='bbox 1374 2693 1517 2748; x_wconf 87' lang='lat' dir='ltr'>canonicis</span> <span class='ocrx_word' id='word_1_343' title='bbox 1536 2701 1564 2748; x_wconf 92' lang='lat' dir='ltr'>et</span> <span class='ocrx_word' id='word_1_344' title='bbox 1582 2692 1698 2757; x_wconf 78' lang='lat' dir='ltr'>debitis3</span> <span class='ocrx_word' id='word_1_345' title='bbox 1712 2692 1760 2748; x_wconf 89' lang='lat' dir='ltr'>sed</span> <span class='ocrx_word' id='word_1_346' title='bbox 1777 2708 1846 2763; x_wconf 91' lang='lat' dir='ltr'>sup-</span> 
     </span>
     <span class='ocr_line' id='line_1_29' title="bbox 192 2762 1846 2838; baseline -0.001 -17"><span class='ocrx_word' id='word_1_347' title='bbox 192 2765 262 2821; x_wconf 86' lang='lat' dir='ltr'>ostia</span> <span class='ocrx_word' id='word_1_348' title='bbox 277 2764 457 2838; x_wconf 84' lang='lat' dir='ltr'>singulorum.</span> <span class='ocrx_word' id='word_1_349' title='bbox 469 2765 514 2822; x_wconf 86' lang='lat' dir='ltr'>Sic</span> <span class='ocrx_word' id='word_1_350' title='bbox 528 2763 602 2819; x_wconf 89' lang='lat' dir='ltr'>euim</span> <span class='ocrx_word' id='word_1_351' title='bbox 616 2762 653 2817; x_wconf 92' lang='lat' dir='ltr'>ibi</span> <span class='ocrx_word' id='word_1_352' title='bbox 668 2762 765 2834; x_wconf 89' lang='lat' dir='ltr'>legitur</span> <span class='ocrx_word' id='word_1_353' title='bbox 776 2783 783 2820; x_wconf 76' lang='grc' dir='ltr'><strong>ι</strong></span> <span class='ocrx_word' id='word_1_354' title='bbox 796 2767 861 2822; x_wconf 80' lang='lat' dir='ltr'>Cuia</span> <span class='ocrx_word' id='word_1_355' title='bbox 872 2768 990 2820; x_wconf 84' lang='lat' dir='ltr'>sonitum</span> <span class='ocrx_word' id='word_1_356' title='bbox 1046 2764 1158 2835; x_wconf 90' lang='lat' dir='ltr'>ponitur</span> <span class='ocrx_word' id='word_1_357' title='bbox 1174 2779 1238 2838; x_wconf 83' lang='lat' dir='ltr'>cum</span> <span class='ocrx_word' id='word_1_358' title='bbox 1255 2762 1308 2818; x_wconf 92' lang='lat' dir='ltr'>illis</span> <span class='ocrx_word' id='word_1_359' title='bbox 1322 2763 1509 2834; x_wconf 87' lang='lat' dir='ltr'>cunjunctam.</span> <span class='ocrx_word' id='word_1_360' title='bbox 1525 2763 1578 2832; x_wconf 89' lang='lat' dir='ltr'>Qui</span> <span class='ocrx_word' id='word_1_361' title='bbox 1593 2765 1667 2819; x_wconf 91' lang='lat' dir='ltr'>enim</span> <span class='ocrx_word' id='word_1_362' title='bbox 1680 2763 1747 2828; x_wconf 82' lang='lat' dir='ltr'>facit</span> <span class='ocrx_word' id='word_1_363' title='bbox 1761 2779 1846 2835; x_wconf 86' lang='lat' dir='ltr'>opera</span> 
     </span>
     <span class='ocr_line' id='line_1_30' title="bbox 191 2833 1846 2907; baseline 0.001 -18"><span class='ocrx_word' id='word_1_364' title='bbox 191 2837 332 2907; x_wconf 84' lang='lat' dir='ltr'>pulsantis</span> <span class='ocrx_word' id='word_1_365' title='bbox 346 2838 453 2899; x_wconf 85' lang='lat' dir='ltr'>ostium,</span> <span class='ocrx_word' id='word_1_366' title='bbox 468 2853 500 2891; x_wconf 90' lang='lat' dir='ltr'>uc</span> <span class='ocrx_word' id='word_1_367' title='bbox 513 2837 680 2890; x_wconf 82' lang='lat' dir='ltr'>diversorum</span> <span class='ocrx_word' id='word_1_368' title='bbox 692 2837 802 2891; x_wconf 89' lang='lat' dir='ltr'>cellulas</span> <span class='ocrx_word' id='word_1_369' title='bbox 813 2838 992 2907; x_wconf 86' lang='lat' dir='ltr'>percutientis</span> <span class='ocrx_word' id='word_1_370' title='bbox 1046 2850 1103 2891; x_wconf 94' lang='lat' dir='ltr'>non</span> <span class='ocrx_word' id='word_1_371' title='bbox 1113 2835 1260 2906; x_wconf 86' lang='lat' dir='ltr'>imperata,</span> <span class='ocrx_word' id='word_1_372' title='bbox 1271 2849 1303 2890; x_wconf 82' lang='lat' dir='ltr'>ei</span> <span class='ocrx_word' id='word_1_373' title='bbox 1313 2834 1455 2902; x_wconf 86' lang='lat' dir='ltr'>charitate,</span> <span class='ocrx_word' id='word_1_374' title='bbox 1467 2835 1538 2891; x_wconf 90' lang='lat' dir='ltr'>sicut</span> <span class='ocrx_word' id='word_1_375' title='bbox 1548 2843 1674 2904; x_wconf 67' lang='lat' dir='ltr'>oportet,</span> <span class='ocrx_word' id='word_1_376' title='bbox 1687 2833 1752 2890; x_wconf 91' lang='lat' dir='ltr'>iacit</span> <span class='ocrx_word' id='word_1_377' title='bbox 1761 2835 1846 2891; x_wconf 90' lang='lat' dir='ltr'>etiam</span> 
     </span>
     <span class='ocr_line' id='line_1_31' title="bbox 193 2904 1845 2977; baseline -0.001 -15"><span class='ocrx_word' id='word_1_378' title='bbox 193 2907 347 2971; x_wconf 84' lang='lat' dir='ltr'>audie-ciat,</span> <span class='ocrx_word' id='word_1_379' title='bbox 360 2907 398 2960; x_wconf 89' lang='lat' dir='ltr'>ad</span> <span class='ocrx_word' id='word_1_380' title='bbox 411 2909 560 2962; x_wconf 78' lang='lat' dir='ltr'>orationem</span> <span class='ocrx_word' id='word_1_381' title='bbox 574 2921 615 2960; x_wconf 88' lang='lat' dir='ltr'>ecs</span> <span class='ocrx_word' id='word_1_382' title='bbox 631 2906 739 2970; x_wconf 82' lang='lat' dir='ltr'>sa&#39;li&#39;cct,</span> <span class='ocrx_word' id='word_1_383' title='bbox 754 2923 800 2962; x_wconf 88' lang='lat' dir='ltr'>seu</span> <span class='ocrx_word' id='word_1_384' title='bbox 813 2908 927 2977; x_wconf 77' lang='lat' dir='ltr'>adeptis</span> <span class='ocrx_word' id='word_1_385' title='bbox 939 2907 993 2960; x_wconf 88' lang='lat' dir='ltr'>oli·</span> <span class='ocrx_word' id='word_1_386' title='bbox 1047 2922 1141 2976; x_wconf 92' lang='lat' dir='ltr'>opera,</span> <span class='ocrx_word' id='word_1_387' title='bbox 1155 2921 1203 2962; x_wconf 90' lang='lat' dir='ltr'>seii</span> <span class='ocrx_word' id='word_1_388' title='bbox 1214 2904 1307 2961; x_wconf 86' lang='lat' dir='ltr'>officia</span> <span class='ocrx_word' id='word_1_389' title='bbox 1323 2907 1468 2975; x_wconf 88' lang='lat' dir='ltr'>imperata,</span> <span class='ocrx_word' id='word_1_390' title='bbox 1481 2914 1529 2962; x_wconf 90' lang='lat' dir='ltr'>aut</span> <span class='ocrx_word' id='word_1_391' title='bbox 1543 2905 1633 2962; x_wconf 90' lang='lat' dir='ltr'>debita</span> <span class='ocrx_word' id='word_1_392' title='bbox 1645 2907 1731 2973; x_wconf 89' lang='lat' dir='ltr'>(sicut</span> <span class='ocrx_word' id='word_1_393' title='bbox 1750 2905 1845 2976; x_wconf 90' lang='lat' dir='ltr'>procul</span> 
     </span>
     <span class='ocr_line' id='line_1_32' title="bbox 195 2975 1844 3059; baseline -0.001 -27"><span class='ocrx_word' id='word_1_394' title='bbox 195 2978 268 3048; x_wconf 80' lang='lat' dir='ltr'>quod</span> <span class='ocrx_word' id='word_1_395' title='bbox 279 2981 431 3040; x_wconf 77' lang='lat' dir='ltr'>incitantis,</span> <span class='ocrx_word' id='word_1_396' title='bbox 442 2980 565 3033; x_wconf 83' lang='lat' dir='ltr'>certatim</span> <span class='ocrx_word' id='word_1_397' title='bbox 577 2978 995 3059; x_wconf 79' lang='lat' dir='ltr'>arabilibusuausqui&#39;spuepro·</span> <span class='ocrx_word' id='word_1_398' title='bbox 1047 2977 1133 3033; x_wconf 90' lang='lat' dir='ltr'>dubio</span> <span class='ocrx_word' id='word_1_399' title='bbox 1152 2975 1292 3032; x_wconf 86' lang='lat' dir='ltr'>iaciebant</span> <span class='ocrx_word' id='word_1_400' title='bbox 1313 2976 1352 3032; x_wconf 92' lang='lat' dir='ltr'>illi</span> <span class='ocrx_word' id='word_1_401' title='bbox 1367 2975 1514 3048; x_wconf 69' lang='lat' dir='ltr'>monaehi)</span> <span class='ocrx_word' id='word_1_402' title='bbox 1533 2985 1637 3048; x_wconf 86' lang='lat' dir='ltr'>:atque</span> <span class='ocrx_word' id='word_1_403' title='bbox 1653 2977 1691 3032; x_wconf 87' lang='lat' dir='ltr'>ita</span> <span class='ocrx_word' id='word_1_404' title='bbox 1704 2975 1765 3047; x_wconf 89' lang='lat' dir='ltr'>plus</span> <span class='ocrx_word' id='word_1_405' title='bbox 1785 2976 1844 3044; x_wconf 92' lang='lat' dir='ltr'>dat,</span> 
     </span>
     <span class='ocr_line' id='line_1_33' title="bbox 193 3045 1860 3119; baseline -0.001 -15"><span class='ocrx_word' id='word_1_406' title='bbox 193 3053 308 3119; x_wconf 83' lang='lat' dir='ltr'>rumpit.</span> <span class='ocrx_word' id='word_1_407' title='bbox 323 3055 361 3104; x_wconf 78' lang='lat' dir='ltr'>At</span> <span class='ocrx_word' id='word_1_408' title='bbox 374 3047 408 3104; x_wconf 90' lang='lat' dir='ltr'>de</span> <span class='ocrx_word' id='word_1_409' title='bbox 427 3048 479 3103; x_wconf 89' lang='lat' dir='ltr'>hoc</span> <span class='ocrx_word' id='word_1_410' title='bbox 493 3049 583 3119; x_wconf 89' lang='lat' dir='ltr'>pulsu,</span> <span class='ocrx_word' id='word_1_411' title='bbox 597 3045 667 3103; x_wconf 90' lang='lat' dir='ltr'>etde</span> <span class='ocrx_word' id='word_1_412' title='bbox 679 3048 879 3115; x_wconf 89' lang='lat' dir='ltr'>instrumentis,</span> <span class='ocrx_word' id='word_1_413' title='bbox 895 3050 995 3119; x_wconf 88' lang='lat' dir='ltr'>quibus</span> <span class='ocrx_word' id='word_1_414' title='bbox 1048 3063 1131 3119; x_wconf 89' lang='lat' dir='ltr'>qnam</span> <span class='ocrx_word' id='word_1_415' title='bbox 1149 3048 1206 3113; x_wconf 90' lang='lat' dir='ltr'>ille,</span> <span class='ocrx_word' id='word_1_416' title='bbox 1227 3047 1274 3118; x_wconf 91' lang='lat' dir='ltr'>qui</span> <span class='ocrx_word' id='word_1_417' title='bbox 1287 3047 1378 3103; x_wconf 93' lang='lat' dir='ltr'>solum</span> <span class='ocrx_word' id='word_1_418' title='bbox 1400 3048 1545 3117; x_wconf 90' lang='lat' dir='ltr'>imperata,</span> <span class='ocrx_word' id='word_1_419' title='bbox 1558 3056 1607 3103; x_wconf 89' lang='lat' dir='ltr'>aut</span> <span class='ocrx_word' id='word_1_420' title='bbox 1615 3046 1707 3103; x_wconf 89' lang='lat' dir='ltr'>debita</span> <span class='ocrx_word' id='word_1_421' title='bbox 1718 3047 1860 3118; x_wconf 47' lang='lat' dir='ltr'>exsequi-2</span> 
     </span>
     <span class='ocr_line' id='line_1_34' title="bbox 192 3116 1849 3190; baseline -0.001 -16"><span class='ocrx_word' id='word_1_422' title='bbox 192 3117 994 3190; x_wconf 83' lang='lat' dir='ltr'>adoiliciumdivinumconvocabantur,aliasplura(Vide</span> <span class='ocrx_word' id='word_1_423' title='bbox 1049 3126 1104 3174; x_wconf 91' lang='lat' dir='ltr'>tur.</span> <span class='ocrx_word' id='word_1_424' title='bbox 1125 3116 1305 3173; x_wconf 87' lang='lat' dir='ltr'>includuntur</span> <span class='ocrx_word' id='word_1_425' title='bbox 1329 3117 1402 3174; x_wconf 91' lang='lat' dir='ltr'>enim</span> <span class='ocrx_word' id='word_1_426' title='bbox 1425 3126 1558 3188; x_wconf 88' lang='lat' dir='ltr'>praecepta</span> <span class='ocrx_word' id='word_1_427' title='bbox 1585 3117 1614 3172; x_wconf 92' lang='lat' dir='ltr'>iri</span> <span class='ocrx_word' id='word_1_428' title='bbox 1634 3118 1769 3183; x_wconf 90' lang='lat' dir='ltr'>consiliis,</span> <span class='ocrx_word' id='word_1_429' title='bbox 1791 3133 1849 3173; x_wconf 92' lang='lat' dir='ltr'>non</span> 
     </span>
     <span class='ocr_line' id='line_1_35' title="bbox 193 3187 1847 3259; baseline 0 -14"><span class='ocrx_word' id='word_1_430' title='bbox 193 3191 296 3245; x_wconf 82' lang='lat' dir='ltr'>scholia</span> <span class='ocrx_word' id='word_1_431' title='bbox 307 3190 476 3258; x_wconf 80' lang='lat' dir='ltr'>iiilicpulrim</span> <span class='ocrx_word' id='word_1_432' title='bbox 490 3190 518 3244; x_wconf 89' lang='lat' dir='ltr'>S.</span> <span class='ocrx_word' id='word_1_433' title='bbox 532 3188 680 3250; x_wconf 82' lang='lat' dir='ltr'>Pachumii,</span> <span class='ocrx_word' id='word_1_434' title='bbox 694 3205 721 3244; x_wconf 87' lang='lat' dir='ltr'>a.</span> <span class='ocrx_word' id='word_1_435' title='bbox 734 3194 778 3254; x_wconf 80' lang='lat'>2).</span> <span class='ocrx_word' id='word_1_436' title='bbox 1047 3198 1153 3246; x_wconf 94' lang='lat' dir='ltr'>contra.</span> <span class='ocrx_word' id='word_1_437' title='bbox 1181 3193 1272 3259; x_wconf 74' lang='lat' dir='ltr'>Atque</span> <span class='ocrx_word' id='word_1_438' title='bbox 1290 3188 1326 3243; x_wconf 91' lang='lat' dir='ltr'>ita</span> <span class='ocrx_word' id='word_1_439' title='bbox 1347 3188 1414 3243; x_wconf 90' lang='lat' dir='ltr'>nibil</span> <span class='ocrx_word' id='word_1_440' title='bbox 1433 3187 1497 3242; x_wconf 90' lang='lat' dir='ltr'>irinc</span> <span class='ocrx_word' id='word_1_441' title='bbox 1517 3187 1604 3259; x_wconf 80' lang='lat' dir='ltr'>colligi</span> <span class='ocrx_word' id='word_1_442' title='bbox 1633 3195 1723 3258; x_wconf 91' lang='lat' dir='ltr'>potest</span> <span class='ocrx_word' id='word_1_443' title='bbox 1747 3197 1847 3245; x_wconf 85' lang='lat' dir='ltr'>contra</span> 
     </span>
     <span class='ocr_line' id='line_1_36' title="bbox 231 3252 1851 3329; baseline 0 -15"><span class='ocrx_word' id='word_1_444' title='bbox 231 3252 386 3326; x_wconf 77' lang='lat' dir='ltr'>bsabbato,</span> <span class='ocrx_word' id='word_1_445' title='bbox 415 3267 443 3314; x_wconf 92' lang='lat' dir='ltr'>et</span> <span class='ocrx_word' id='word_1_446' title='bbox 468 3257 608 3315; x_wconf 88' lang='lat' dir='ltr'>dominico</span> <span class='ocrx_word' id='word_1_447' title='bbox 643 3258 688 3315; x_wconf 92' lang='lat' dir='ltr'>die</span> <span class='ocrx_word' id='word_1_448' title='bbox 722 3260 810 3314; x_wconf 88' lang='lat' dir='ltr'>solere</span> <span class='ocrx_word' id='word_1_449' title='bbox 840 3259 993 3316; x_wconf 88' lang='lat' dir='ltr'>monachos</span> <span class='ocrx_word' id='word_1_450' title='bbox 1047 3275 1225 3316; x_wconf 90' lang='lat' dir='ltr'>communem</span> <span class='ocrx_word' id='word_1_451' title='bbox 1240 3258 1396 3315; x_wconf 89' lang='lat' dir='ltr'>doctrinam</span> <span class='ocrx_word' id='word_1_452' title='bbox 1409 3257 1443 3314; x_wconf 89' lang='lat' dir='ltr'>de</span> <span class='ocrx_word' id='word_1_453' title='bbox 1457 3268 1522 3314; x_wconf 88' lang='lat' dir='ltr'>voto</span> <span class='ocrx_word' id='word_1_454' title='bbox 1536 3267 1565 3314; x_wconf 92' lang='lat' dir='ltr'>et</span> <span class='ocrx_word' id='word_1_455' title='bbox 1578 3273 1660 3328; x_wconf 90' lang='lat' dir='ltr'>opere</span> <span class='ocrx_word' id='word_1_456' title='bbox 1682 3257 1755 3329; x_wconf 83' lang='lat' dir='ltr'>quod</span> <span class='ocrx_word' id='word_1_457' title='bbox 1770 3258 1801 3313; x_wconf 86' lang='lat' dir='ltr'>tit</span> <span class='ocrx_word' id='word_1_458' title='bbox 1817 3274 1851 3314; x_wconf 91' lang='lat' dir='ltr'>ex</span> 
     </span>
     <span class='ocr_line' id='line_1_37' title="bbox 197 3329 1845 3402; baseline -0.002 -15"><span class='ocrx_word' id='word_1_459' title='bbox 197 3330 308 3402; x_wconf 84' lang='lat' dir='ltr'>AEgypti</span> <span class='ocrx_word' id='word_1_460' title='bbox 320 3329 481 3386; x_wconf 89' lang='lat' dir='ltr'>solemniter</span> <span class='ocrx_word' id='word_1_461' title='bbox 493 3329 640 3385; x_wconf 87' lang='lat' dir='ltr'>convenire</span> <span class='ocrx_word' id='word_1_462' title='bbox 653 3330 680 3385; x_wconf 90' lang='lat' dir='ltr'>in</span> <span class='ocrx_word' id='word_1_463' title='bbox 693 3330 838 3387; x_wconf 89' lang='lat' dir='ltr'>ecclesiam</span> <span class='ocrx_word' id='word_1_464' title='bbox 848 3330 883 3386; x_wconf 91' lang='lat' dir='ltr'>ad</span> <span class='ocrx_word' id='word_1_465' title='bbox 897 3331 991 3387; x_wconf 90' lang='lat' dir='ltr'>divina</span> <span class='ocrx_word' id='word_1_466' title='bbox 1049 3340 1114 3387; x_wconf 88' lang='lat' dir='ltr'>voto</span> <span class='ocrx_word' id='word_1_467' title='bbox 1137 3348 1144 3385; x_wconf 91' lang='lat'>:</span> <span class='ocrx_word' id='word_1_468' title='bbox 1160 3329 1234 3402; x_wconf 87' lang='lat' dir='ltr'>quod</span> <span class='ocrx_word' id='word_1_469' title='bbox 1249 3338 1366 3397; x_wconf 90' lang='lat' dir='ltr'>constat,</span> <span class='ocrx_word' id='word_1_470' title='bbox 1385 3330 1495 3386; x_wconf 85' lang='lat' dir='ltr'>caeteris</span> <span class='ocrx_word' id='word_1_471' title='bbox 1518 3329 1639 3400; x_wconf 83' lang='lat' dir='ltr'>paribus,</span> <span class='ocrx_word' id='word_1_472' title='bbox 1661 3329 1758 3383; x_wconf 91' lang='lat' dir='ltr'>melius</span> <span class='ocrx_word' id='word_1_473' title='bbox 1772 3344 1845 3393; x_wconf 91' lang='lat' dir='ltr'>esse,</span> 
     </span>
     <span class='ocr_line' id='line_1_38' title="bbox 195 3379 1851 3482; baseline -0.001 -26"><span class='ocrx_word' id='word_1_474' title='bbox 195 3401 325 3473; x_wconf 83' lang='lat' dir='ltr'>mysteria</span> <span class='ocrx_word' id='word_1_475' title='bbox 346 3400 519 3482; x_wconf 79' lang='lat' dir='ltr'>celebranda,</span> <span class='ocrx_word' id='word_1_476' title='bbox 541 3408 568 3457; x_wconf 93' lang='lat' dir='ltr'>et</span> <span class='ocrx_word' id='word_1_477' title='bbox 586 3401 771 3472; x_wconf 91' lang='lat' dir='ltr'>percipienda,</span> <span class='ocrx_word' id='word_1_478' title='bbox 791 3410 853 3457; x_wconf 91' lang='lat' dir='ltr'>tum</span> <span class='ocrx_word' id='word_1_479' title='bbox 875 3418 908 3457; x_wconf 90' lang='lat' dir='ltr'>eii</span> <span class='ocrx_word' id='word_1_480' title='bbox 927 3379 1029 3469; x_wconf 84' lang='lat' dir='ltr'>lioc‚C</span> <span class='ocrx_word' id='word_1_481' title='bbox 1050 3407 1165 3474; x_wconf 91' lang='lat' dir='ltr'>Deoque</span> <span class='ocrx_word' id='word_1_482' title='bbox 1177 3401 1293 3473; x_wconf 89' lang='lat' dir='ltr'>gratius,</span> <span class='ocrx_word' id='word_1_483' title='bbox 1306 3417 1338 3457; x_wconf 91' lang='lat' dir='ltr'>ac</span> <span class='ocrx_word' id='word_1_484' title='bbox 1347 3401 1436 3473; x_wconf 89' lang='lat' dir='ltr'>magis</span> <span class='ocrx_word' id='word_1_485' title='bbox 1446 3400 1632 3466; x_wconf 90' lang='lat' dir='ltr'>meritorium,</span> <span class='ocrx_word' id='word_1_486' title='bbox 1642 3414 1726 3480; x_wconf 87' lang='lat' dir='ltr'>quam</span> <span class='ocrx_word' id='word_1_487' title='bbox 1738 3399 1761 3454; x_wconf 91' lang='lat' dir='ltr'>si</span> <span class='ocrx_word' id='word_1_488' title='bbox 1773 3400 1851 3482; x_wconf 77' lang='lat' dir='ltr'>lieret</span> 
     </span>
     <span class='ocr_line' id='line_1_39' title="bbox 195 3470 1848 3539; baseline -0.001 -13"><span class='ocrx_word' id='word_1_489' title='bbox 195 3479 258 3526; x_wconf 92' lang='lat' dir='ltr'>tum</span> <span class='ocrx_word' id='word_1_490' title='bbox 273 3486 305 3527; x_wconf 87' lang='lat' dir='ltr'>eir</span> <span class='ocrx_word' id='word_1_491' title='bbox 319 3472 381 3528; x_wconf 89' lang='lat' dir='ltr'>aliis</span> <span class='ocrx_word' id='word_1_492' title='bbox 391 3472 514 3528; x_wconf 90' lang='lat' dir='ltr'>Cassiani</span> <span class='ocrx_word' id='word_1_493' title='bbox 525 3472 593 3528; x_wconf 91' lang='lat' dir='ltr'>locis</span> <span class='ocrx_word' id='word_1_494' title='bbox 605 3472 752 3529; x_wconf 84' lang='lat' dir='ltr'>manifeste</span> <span class='ocrx_word' id='word_1_495' title='bbox 766 3481 882 3528; x_wconf 90' lang='lat' dir='ltr'>constat.</span> <span class='ocrx_word' id='word_1_496' title='bbox 901 3472 955 3529; x_wconf 92' lang='lat' dir='ltr'>Sed</span> <span class='ocrx_word' id='word_1_497' title='bbox 968 3481 996 3528; x_wconf 91' lang='lat' dir='ltr'>et</span> <span class='ocrx_word' id='word_1_498' title='bbox 1050 3475 1109 3530; x_wconf 91' lang='lat' dir='ltr'>sine</span> <span class='ocrx_word' id='word_1_499' title='bbox 1119 3480 1183 3528; x_wconf 87' lang='lat' dir='ltr'>voto</span> <span class='ocrx_word' id='word_1_500' title='bbox 1199 3492 1206 3528; x_wconf 90' lang='lat'>:</span> <span class='ocrx_word' id='word_1_501' title='bbox 1222 3471 1307 3528; x_wconf 91' lang='lat' dir='ltr'>modo</span> <span class='ocrx_word' id='word_1_502' title='bbox 1327 3487 1383 3529; x_wconf 92' lang='lat' dir='ltr'>non</span> <span class='ocrx_word' id='word_1_503' title='bbox 1398 3481 1502 3539; x_wconf 88' lang='lat' dir='ltr'>coacte,</span> <span class='ocrx_word' id='word_1_504' title='bbox 1522 3479 1571 3528; x_wconf 85' lang='lat' dir='ltr'>aut</span> <span class='ocrx_word' id='word_1_505' title='bbox 1584 3486 1616 3526; x_wconf 87' lang='lat' dir='ltr'>er</span> <span class='ocrx_word' id='word_1_506' title='bbox 1638 3479 1740 3526; x_wconf 87' lang='lat' dir='ltr'>timore</span> <span class='ocrx_word' id='word_1_507' title='bbox 1756 3470 1848 3527; x_wconf 82' lang='lat' dir='ltr'>seruili</span> 
     </span>
     <span class='ocr_line' id='line_1_40' title="bbox 196 3541 1849 3615; baseline -0.001 -17"><span class='ocrx_word' id='word_1_508' title='bbox 196 3543 327 3598; x_wconf 92' lang='lat' dir='ltr'>omnibus</span> <span class='ocrx_word' id='word_1_509' title='bbox 338 3542 509 3612; x_wconf 84' lang='lat' dir='ltr'>christianis,</span> <span class='ocrx_word' id='word_1_510' title='bbox 520 3543 672 3615; x_wconf 82' lang='lat' dir='ltr'>praesertim</span> <span class='ocrx_word' id='word_1_511' title='bbox 686 3542 713 3598; x_wconf 94' lang='lat' dir='ltr'>in</span> <span class='ocrx_word' id='word_1_512' title='bbox 729 3544 852 3610; x_wconf 90' lang='lat' dir='ltr'>Oriente,</span> <span class='ocrx_word' id='word_1_513' title='bbox 864 3559 925 3599; x_wconf 90' lang='lat' dir='ltr'>eain</span> <span class='ocrx_word' id='word_1_514' title='bbox 934 3559 995 3600; x_wconf 91' lang='lat' dir='ltr'>eon·</span> <span class='ocrx_word' id='word_1_515' title='bbox 1050 3544 1116 3600; x_wconf 87' lang='lat' dir='ltr'>liat:</span> <span class='ocrx_word' id='word_1_516' title='bbox 1131 3558 1186 3615; x_wconf 90' lang='lat' dir='ltr'>quo</span> <span class='ocrx_word' id='word_1_517' title='bbox 1198 3558 1263 3598; x_wconf 91' lang='lat' dir='ltr'>casu</span> <span class='ocrx_word' id='word_1_518' title='bbox 1279 3542 1442 3614; x_wconf 89' lang='lat' dir='ltr'>simpliciter</span> <span class='ocrx_word' id='word_1_519' title='bbox 1454 3558 1516 3598; x_wconf 89' lang='lat' dir='ltr'>vera</span> <span class='ocrx_word' id='word_1_520' title='bbox 1530 3551 1574 3599; x_wconf 90' lang='lat' dir='ltr'>est</span> <span class='ocrx_word' id='word_1_521' title='bbox 1590 3542 1636 3597; x_wconf 89' lang='lat' dir='ltr'>illa</span> <span class='ocrx_word' id='word_1_522' title='bbox 1650 3541 1772 3597; x_wconf 85' lang='lat' dir='ltr'>Cassiani</span> <span class='ocrx_word' id='word_1_523' title='bbox 1786 3556 1849 3598; x_wconf 91' lang='lat' dir='ltr'>sen·</span> 
     </span>
     <span class='ocr_line' id='line_1_41' title="bbox 166 3611 1851 3686; baseline 0.001 -18"><span class='ocrx_word' id='word_1_524' title='bbox 166 3633 172 3645; x_wconf 86' lang='lat'><strong>·</strong></span> <span class='ocrx_word' id='word_1_525' title='bbox 202 3613 377 3669; x_wconf 85' lang='lat' dir='ltr'>suetudinem</span> <span class='ocrx_word' id='word_1_526' title='bbox 393 3612 483 3671; x_wconf 83' lang='lat' dir='ltr'>luisse</span> <span class='ocrx_word' id='word_1_527' title='bbox 497 3615 670 3685; x_wconf 87' lang='lat' dir='ltr'>perspicuum</span> <span class='ocrx_word' id='word_1_528' title='bbox 683 3623 725 3670; x_wconf 90' lang='lat' dir='ltr'>est</span> <span class='ocrx_word' id='word_1_529' title='bbox 736 3631 768 3669; x_wconf 90' lang='lat' dir='ltr'>eii</span> <span class='ocrx_word' id='word_1_530' title='bbox 783 3615 932 3679; x_wconf 86' lang='lat' dir='ltr'>Clemente,</span> <span class='ocrx_word' id='word_1_531' title='bbox 947 3615 993 3686; x_wconf 87' lang='lat' dir='ltr'>qui</span> <span class='ocrx_word' id='word_1_532' title='bbox 1049 3614 1147 3680; x_wconf 89' lang='lat' dir='ltr'>tentia,</span> <span class='ocrx_word' id='word_1_533' title='bbox 1162 3615 1276 3672; x_wconf 80' lang='lat' dir='ltr'>Gratius</span> <span class='ocrx_word' id='word_1_534' title='bbox 1296 3618 1335 3668; x_wconf 89' lang='lat' dir='ltr'>est</span> <span class='ocrx_word' id='word_1_535' title='bbox 1354 3627 1451 3668; x_wconf 86' lang='lat' dir='ltr'>munus</span> <span class='ocrx_word' id='word_1_536' title='bbox 1474 3615 1634 3676; x_wconf 85' lang='lat' dir='ltr'>uoluntarii,</span> <span class='ocrx_word' id='word_1_537' title='bbox 1657 3620 1710 3667; x_wconf 89' lang='lat' dir='ltr'>ete.</span> <span class='ocrx_word' id='word_1_538' title='bbox 1727 3611 1851 3669; x_wconf 82' lang='lat' dir='ltr'>sednon</span> 
     </span>
     <span class='ocr_line' id='line_1_42' title="bbox 201 3681 1849 3755; baseline 0.001 -17"><span class='ocrx_word' id='word_1_539' title='bbox 201 3684 249 3740; x_wconf 91' lang='lat' dir='ltr'>lib.</span> <span class='ocrx_word' id='word_1_540' title='bbox 260 3698 305 3740; x_wconf 89' lang='lat' dir='ltr'>vri</span> <span class='ocrx_word' id='word_1_541' title='bbox 320 3685 437 3740; x_wconf 89' lang='lat' dir='ltr'>Constit.</span> <span class='ocrx_word' id='word_1_542' title='bbox 451 3700 512 3755; x_wconf 87' lang='lat' dir='ltr'>cap.</span> <span class='ocrx_word' id='word_1_543' title='bbox 530 3689 562 3739; x_wconf 77' lang='lat' dir='ltr'>tt</span> <span class='ocrx_word' id='word_1_544' title='bbox 576 3685 616 3740; x_wconf 91' lang='lat' dir='ltr'>sic</span> <span class='ocrx_word' id='word_1_545' title='bbox 629 3685 668 3740; x_wconf 90' lang='lat' dir='ltr'>ait</span> <span class='ocrx_word' id='word_1_546' title='bbox 681 3703 687 3738; x_wconf 92' lang='lat'>:</span> <span class='ocrx_word' id='word_1_547' title='bbox 701 3687 860 3748; x_wconf 68' lang='lat' dir='ltr'>Habonium,</span> <span class='ocrx_word' id='word_1_548' title='bbox 873 3691 898 3740; x_wconf 84' lang='lat' dir='ltr'>et</span> <span class='ocrx_word' id='word_1_549' title='bbox 912 3686 997 3740; x_wconf 86' lang='lat' dir='ltr'>domi·</span> <span class='ocrx_word' id='word_1_550' title='bbox 1050 3685 1158 3741; x_wconf 86' lang='lat' dir='ltr'>ridetur</span> <span class='ocrx_word' id='word_1_551' title='bbox 1179 3684 1207 3739; x_wconf 90' lang='lat' dir='ltr'>in</span> <span class='ocrx_word' id='word_1_552' title='bbox 1222 3683 1298 3740; x_wconf 90' lang='lat' dir='ltr'>hunc</span> <span class='ocrx_word' id='word_1_553' title='bbox 1316 3682 1432 3739; x_wconf 90' lang='lat' dir='ltr'>modum</span> <span class='ocrx_word' id='word_1_554' title='bbox 1456 3684 1636 3750; x_wconf 80' lang='lat' dir='ltr'>intellexisse3</span> <span class='ocrx_word' id='word_1_555' title='bbox 1657 3698 1721 3739; x_wconf 91' lang='lat' dir='ltr'>cuin</span> <span class='ocrx_word' id='word_1_556' title='bbox 1736 3682 1770 3739; x_wconf 88' lang='lat' dir='ltr'>de</span> <span class='ocrx_word' id='word_1_557' title='bbox 1792 3681 1849 3740; x_wconf 86' lang='lat' dir='ltr'>illis</span> 
     </span>
     <span class='ocr_line' id='line_1_43' title="bbox 198 3754 1852 3827; baseline 0 -17"><span class='ocrx_word' id='word_1_558' title='bbox 198 3756 367 3810; x_wconf 74' lang='lat' dir='ltr'>iiiciimeli&#39;em</span> <span class='ocrx_word' id='word_1_559' title='bbox 376 3757 477 3822; x_wconf 69' lang='lat' dir='ltr'>festum</span> <span class='ocrx_word' id='word_1_560' title='bbox 486 3757 997 3825; x_wconf 79' lang='lat' dir='ltr'>opimus3puiailliidiiaturoecouditc</span> <span class='ocrx_word' id='word_1_561' title='bbox 1050 3754 1196 3813; x_wconf 89' lang='lat' dir='ltr'>monacbis</span> <span class='ocrx_word' id='word_1_562' title='bbox 1204 3762 1307 3827; x_wconf 89' lang='lat' dir='ltr'>ageret,</span> <span class='ocrx_word' id='word_1_563' title='bbox 1321 3755 1368 3826; x_wconf 92' lang='lat' dir='ltr'>qui</span> <span class='ocrx_word' id='word_1_564' title='bbox 1380 3763 1515 3825; x_wconf 89' lang='lat' dir='ltr'>prompte,</span> <span class='ocrx_word' id='word_1_565' title='bbox 1529 3763 1557 3810; x_wconf 86' lang='lat' dir='ltr'>et</span> <span class='ocrx_word' id='word_1_566' title='bbox 1566 3754 1762 3811; x_wconf 83' lang='lat' dir='ltr'>deioteomnia</span> <span class='ocrx_word' id='word_1_567' title='bbox 1773 3768 1852 3810; x_wconf 86' lang='lat' dir='ltr'>eise·</span> 
     </span>
     <span class='ocr_line' id='line_1_44' title="bbox 199 3824 1850 3900; baseline 0 -18"><span class='ocrx_word' id='word_1_568' title='bbox 199 3831 240 3882; x_wconf 86' lang='lat' dir='ltr'>cst</span> <span class='ocrx_word' id='word_1_569' title='bbox 254 3828 445 3881; x_wconf 82' lang='lat' dir='ltr'>moiiiiiieutum</span> <span class='ocrx_word' id='word_1_570' title='bbox 461 3846 469 3881; x_wconf 91' lang='lat'>:</span> <span class='ocrx_word' id='word_1_571' title='bbox 487 3829 530 3882; x_wconf 84' lang='lat' dir='ltr'>liic</span> <span class='ocrx_word' id='word_1_572' title='bbox 543 3830 755 3882; x_wconf 85' lang='lat' dir='ltr'>resurrection-is.</span> <span class='ocrx_word' id='word_1_573' title='bbox 770 3830 804 3883; x_wconf 80' lang='lat' dir='ltr'>m</span> <span class='ocrx_word' id='word_1_574' title='bbox 821 3829 946 3884; x_wconf 89' lang='lat' dir='ltr'>Socrates</span> <span class='ocrx_word' id='word_1_575' title='bbox 956 3827 998 3882; x_wconf 91' lang='lat' dir='ltr'>bi·</span> <span class='ocrx_word' id='word_1_576' title='bbox 1052 3826 1222 3900; x_wconf 83' lang='lat' dir='ltr'>quebantiir,</span> <span class='ocrx_word' id='word_1_577' title='bbox 1244 3834 1273 3882; x_wconf 93' lang='lat' dir='ltr'>et</span> <span class='ocrx_word' id='word_1_578' title='bbox 1285 3825 1362 3896; x_wconf 91' lang='lat' dir='ltr'>plura</span> <span class='ocrx_word' id='word_1_579' title='bbox 1383 3824 1557 3897; x_wconf 82' lang='lat' dir='ltr'>praestabant,</span> <span class='ocrx_word' id='word_1_580' title='bbox 1571 3840 1655 3895; x_wconf 85' lang='lat' dir='ltr'>quam</span> <span class='ocrx_word' id='word_1_581' title='bbox 1674 3824 1850 3882; x_wconf 87' lang='lat' dir='ltr'>tenebantur.</span> 
     </span>
     <span class='ocr_line' id='line_1_45' title="bbox 200 3886 1846 3969; baseline -0.002 -17"><span class='ocrx_word' id='word_1_582' title='bbox 200 3897 320 3953; x_wconf 88' lang='lat' dir='ltr'>storicus</span> <span class='ocrx_word' id='word_1_583' title='bbox 330 3897 403 3951; x_wconf 94' lang='lat' dir='ltr'>idem</span> <span class='ocrx_word' id='word_1_584' title='bbox 415 3897 559 3952; x_wconf 76' lang='lat' dir='ltr'>confirmat</span> <span class='ocrx_word' id='word_1_585' title='bbox 570 3898 613 3953; x_wconf 91' lang='lat' dir='ltr'>bis</span> <span class='ocrx_word' id='word_1_586' title='bbox 624 3898 713 3953; x_wconf 85' lang='lat' dir='ltr'>verbis</span> <span class='ocrx_word' id='word_1_587' title='bbox 728 3917 734 3952; x_wconf 78' lang='grc' dir='ltr'>ε</span> <span class='ocrx_word' id='word_1_588' title='bbox 747 3900 893 3966; x_wconf 71' lang='lat' dir='ltr'>cumfcsta</span> <span class='ocrx_word' id='word_1_589' title='bbox 904 3900 995 3969; x_wconf 78' lang='lat' dir='ltr'>cujus·</span> <span class='ocrx_word' id='word_1_590' title='bbox 1087 3886 1101 3930; x_wconf 78' lang='lat'>‘¹</span> <span class='ocrx_word' id='word_1_591' title='bbox 1117 3896 1308 3953; x_wconf 84' lang='lat' dir='ltr'>voluntarium</span> <span class='ocrx_word' id='word_1_592' title='bbox 1329 3897 1479 3967; x_wconf 88' lang='lat' dir='ltr'>opponitur</span> <span class='ocrx_word' id='word_1_593' title='bbox 1499 3896 1619 3953; x_wconf 78' lang='lat' dir='ltr'>tristitiae</span> <span class='ocrx_word' id='word_1_594' title='bbox 1639 3904 1667 3951; x_wconf 94' lang='lat' dir='ltr'>et</span> <span class='ocrx_word' id='word_1_595' title='bbox 1686 3895 1824 3951; x_wconf 88' lang='lat' dir='ltr'>coactioni</span> <span class='ocrx_word' id='word_1_596' title='bbox 1837 3915 1846 3964; x_wconf 71' lang='grc' dir='ltr'><strong>ς</strong></span> 
     </span>
     <span class='ocr_line' id='line_1_46' title="bbox 200 3967 1853 4039; baseline -0.001 -16"><span class='ocrx_word' id='word_1_597' title='bbox 200 3970 267 4023; x_wconf 81' lang='lat' dir='ltr'>libet</span> <span class='ocrx_word' id='word_1_598' title='bbox 280 3968 452 4024; x_wconf 83' lang='lat' dir='ltr'>bebdomada</span> <span class='ocrx_word' id='word_1_599' title='bbox 466 3970 648 4032; x_wconf 81' lang='lat' dir='ltr'>occurrebant,</span> <span class='ocrx_word' id='word_1_600' title='bbox 665 3970 788 4024; x_wconf 81' lang='lat' dir='ltr'>uidelicet</span> <span class='ocrx_word' id='word_1_601' title='bbox 803 3970 957 4032; x_wconf 85' lang='lat' dir='ltr'>sabbatum,</span> <span class='ocrx_word' id='word_1_602' title='bbox 974 3973 999 4024; x_wconf 88' lang='lat' dir='ltr'>at</span> <span class='ocrx_word' id='word_1_603' title='bbox 1052 3984 1108 4026; x_wconf 95' lang='lat' dir='ltr'>non</span> <span class='ocrx_word' id='word_1_604' title='bbox 1130 3976 1224 4024; x_wconf 90' lang='lat' dir='ltr'>autem</span> <span class='ocrx_word' id='word_1_605' title='bbox 1242 3967 1412 4034; x_wconf 88' lang='lat' dir='ltr'>necessitati,</span> <span class='ocrx_word' id='word_1_606' title='bbox 1430 3983 1480 4023; x_wconf 92' lang='lat' dir='ltr'>seu</span> <span class='ocrx_word' id='word_1_607' title='bbox 1494 3967 1671 4039; x_wconf 84' lang='lat' dir='ltr'>obligationi;</span> <span class='ocrx_word' id='word_1_608' title='bbox 1684 3982 1745 4039; x_wconf 87' lang='lat' dir='ltr'>quae</span> <span class='ocrx_word' id='word_1_609' title='bbox 1760 3967 1853 4022; x_wconf 89' lang='lat' dir='ltr'>nasci·</span> 
     </span>
     <span class='ocr_line' id='line_1_47' title="bbox 201 4037 1853 4110; baseline -0.002 -15"><span class='ocrx_word' id='word_1_610' title='bbox 201 4040 259 4095; x_wconf 84' lang='lat' dir='ltr'>dics</span> <span class='ocrx_word' id='word_1_611' title='bbox 276 4039 435 4101; x_wconf 87' lang='lat' dir='ltr'>domiuicus,</span> <span class='ocrx_word' id='word_1_612' title='bbox 453 4041 483 4093; x_wconf 89' lang='lat' dir='ltr'>iu</span> <span class='ocrx_word' id='word_1_613' title='bbox 497 4041 596 4110; x_wconf 84' lang='lat' dir='ltr'>quibus</span> <span class='ocrx_word' id='word_1_614' title='bbox 611 4046 752 4096; x_wconf 73' lang='lat' dir='ltr'>coercentes</span> <span class='ocrx_word' id='word_1_615' title='bbox 766 4042 796 4094; x_wconf 87' lang='lat' dir='ltr'>iii</span> <span class='ocrx_word' id='word_1_616' title='bbox 810 4042 922 4095; x_wconf 82' lang='lat' dir='ltr'>ecclesiis</span> <span class='ocrx_word' id='word_1_617' title='bbox 941 4041 1000 4109; x_wconf 72' lang='lat' dir='ltr'>ficri</span> <span class='ocrx_word' id='word_1_618' title='bbox 1054 4050 1099 4096; x_wconf 89' lang='lat' dir='ltr'>tur</span> <span class='ocrx_word' id='word_1_619' title='bbox 1109 4056 1141 4095; x_wconf 86' lang='lat' dir='ltr'>ei</span> <span class='ocrx_word' id='word_1_620' title='bbox 1159 4047 1234 4105; x_wconf 90' lang='lat' dir='ltr'>voto,</span> <span class='ocrx_word' id='word_1_621' title='bbox 1244 4046 1291 4094; x_wconf 87' lang='lat' dir='ltr'>aot</span> <span class='ocrx_word' id='word_1_622' title='bbox 1304 4046 1451 4110; x_wconf 84' lang='lat' dir='ltr'>praecepto.</span> <span class='ocrx_word' id='word_1_623' title='bbox 1464 4043 1505 4094; x_wconf 91' lang='lat' dir='ltr'>De</span> <span class='ocrx_word' id='word_1_624' title='bbox 1519 4054 1574 4110; x_wconf 89' lang='lat' dir='ltr'>qua</span> <span class='ocrx_word' id='word_1_625' title='bbox 1586 4041 1621 4092; x_wconf 92' lang='lat' dir='ltr'>D.</span> <span class='ocrx_word' id='word_1_626' title='bbox 1638 4037 1810 4109; x_wconf 82' lang='lat' dir='ltr'>Augustinus</span> <span class='ocrx_word' id='word_1_627' title='bbox 1823 4037 1853 4092; x_wconf 91' lang='lat' dir='ltr'>in</span> 
     </span>
     <span class='ocr_line' id='line_1_48' title="bbox 201 4109 1854 4183; baseline -0.002 -17"><span class='ocrx_word' id='word_1_628' title='bbox 201 4112 297 4174; x_wconf 85' lang='lat' dir='ltr'>soleat,</span> <span class='ocrx_word' id='word_1_629' title='bbox 313 4118 366 4166; x_wconf 90' lang='lat' dir='ltr'>etc.</span> <span class='ocrx_word' id='word_1_630' title='bbox 381 4111 458 4175; x_wconf 80' lang='lat' dir='ltr'>(Lib.</span> <span class='ocrx_word' id='word_1_631' title='bbox 473 4126 516 4179; x_wconf 82' lang='lat' dir='ltr'>ii,</span> <span class='ocrx_word' id='word_1_632' title='bbox 532 4128 555 4165; x_wconf 90' lang='lat' dir='ltr'>c.</span> <span class='ocrx_word' id='word_1_633' title='bbox 569 4114 610 4175; x_wconf 86' lang='grc'>8).</span> <span class='ocrx_word' id='word_1_634' title='bbox 622 4110 674 4167; x_wconf 91' lang='lat' dir='ltr'>Sed</span> <span class='ocrx_word' id='word_1_635' title='bbox 691 4111 725 4166; x_wconf 93' lang='lat' dir='ltr'>de</span> <span class='ocrx_word' id='word_1_636' title='bbox 744 4112 795 4166; x_wconf 91' lang='lat' dir='ltr'>liac</span> <span class='ocrx_word' id='word_1_637' title='bbox 815 4126 845 4166; x_wconf 91' lang='lat' dir='ltr'>re</span> <span class='ocrx_word' id='word_1_638' title='bbox 858 4110 942 4166; x_wconf 88' lang='lat' dir='ltr'>etiam</span> <span class='ocrx_word' id='word_1_639' title='bbox 956 4110 999 4165; x_wconf 92' lang='lat' dir='ltr'>in·</span> <span class='ocrx_word' id='word_1_640' title='bbox 1056 4112 1144 4183; x_wconf 82' lang='lat' dir='ltr'>Epist.</span> <span class='ocrx_word' id='word_1_641' title='bbox 1159 4109 1195 4167; x_wconf 84' lang='lat' dir='ltr'>ad</span> <span class='ocrx_word' id='word_1_642' title='bbox 1212 4110 1422 4166; x_wconf 82' lang='lat' dir='ltr'>Armentarium</span> <span class='ocrx_word' id='word_1_643' title='bbox 1440 4128 1448 4164; x_wconf 75' lang='grc' dir='ltr'>ι</span> <span class='ocrx_word' id='word_1_644' title='bbox 1470 4111 1547 4166; x_wconf 83' lang='lat' dir='ltr'>Folia</span> <span class='ocrx_word' id='word_1_645' title='bbox 1560 4112 1715 4170; x_wconf 81' lang='lat' dir='ltr'>necessitas,</span> <span class='ocrx_word' id='word_1_646' title='bbox 1731 4124 1792 4178; x_wconf 80' lang='lat' dir='ltr'>quc</span> <span class='ocrx_word' id='word_1_647' title='bbox 1815 4109 1854 4163; x_wconf 89' lang='lat' dir='ltr'>od</span> 
     </span>
    </p>
   </div>
   <div class='ocr_carea' id='block_1_8' title="bbox 203 4180 1855 4324">
    <p class='ocr_par' dir='ltr' id='par_1_8' title="bbox 203 4180 1855 4324">
     <span class='ocr_line' id='line_1_49' title="bbox 203 4180 1855 4307; baseline -0.001 -70"><span class='ocrx_word' id='word_1_648' title='bbox 203 4180 256 4246; x_wconf 85' lang='lat' dir='ltr'>ira,</span> <span class='ocrx_word' id='word_1_649' title='bbox 270 4181 477 4307; x_wconf 50' lang='lat' dir='ltr'>9b5.‘i⁰j‘ff¹¹¹¹i⁰</span> <span class='ocrx_word' id='word_1_650' title='bbox 489 4180 595 4238; x_wconf 88' lang='lat' dir='ltr'>sabbati</span> <span class='ocrx_word' id='word_1_651' title='bbox 608 4189 705 4262; x_wconf 80' lang='lat' dir='ltr'>agetur</span> <span class='ocrx_word' id='word_1_652' title='bbox 717 4184 800 4263; x_wconf 66' lang='lat' dir='ltr'>(Dap.</span> <span class='ocrx_word' id='word_1_653' title='bbox 815 4187 875 4262; x_wconf 37' lang='lat' dir='ltr'>liet·</span> <span class='ocrx_word' id='word_1_654' title='bbox 884 4187 915 4236; x_wconf 86' lang='lat'>10</span> <span class='ocrx_word' id='word_1_655' title='bbox 924 4186 944 4261; x_wconf 76' lang='lat'>).·</span> <span class='ocrx_word' id='word_1_656' title='bbox 1055 4184 1169 4264; x_wconf 76' lang='lat' dir='ltr'>meliora</span> <span class='ocrx_word' id='word_1_657' title='bbox 1177 4183 1317 4265; x_wconf 77' lang='lat' dir='ltr'>compellit.</span> <span class='ocrx_word' id='word_1_658' title='bbox 1333 4181 1448 4238; x_wconf 88' lang='lat' dir='ltr'>Videtur</span> <span class='ocrx_word' id='word_1_659' title='bbox 1461 4189 1556 4236; x_wconf 88' lang='lat' dir='ltr'>tamen</span> <span class='ocrx_word' id='word_1_660' title='bbox 1571 4180 1715 4237; x_wconf 86' lang='lat' dir='ltr'>Cassianus</span> <span class='ocrx_word' id='word_1_661' title='bbox 1728 4180 1855 4235; x_wconf 87' lang='lat' dir='ltr'>volunta·</span> 
     </span>
     <span class='ocr_line' id='line_1_50' title="bbox 236 4249 1855 4324; baseline -0.001 -17"><span class='ocrx_word' id='word_1_662' title='bbox 236 4253 359 4308; x_wconf 80' lang='lat' dir='ltr'>cSimilis</span> <span class='ocrx_word' id='word_1_663' title='bbox 376 4268 455 4324; x_wconf 85' lang='lat' dir='ltr'>pane</span> <span class='ocrx_word' id='word_1_664' title='bbox 475 4261 516 4308; x_wconf 91' lang='lat' dir='ltr'>est</span> <span class='ocrx_word' id='word_1_665' title='bbox 530 4255 564 4307; x_wconf 92' lang='lat' dir='ltr'>D.</span> <span class='ocrx_word' id='word_1_666' title='bbox 582 4255 744 4324; x_wconf 77' lang='lat' dir='ltr'>Hieronymi</span> <span class='ocrx_word' id='word_1_667' title='bbox 757 4261 894 4308; x_wconf 88' lang='lat' dir='ltr'>sententia</span> <span class='ocrx_word' id='word_1_668' title='bbox 915 4251 965 4307; x_wconf 87' lang='lat' dir='ltr'>lib.</span> <span class='ocrx_word' id='word_1_669' title='bbox 986 4266 997 4308; x_wconf 91' lang='lat'>1</span> <span class='ocrx_word' id='word_1_670' title='bbox 1055 4268 1129 4309; x_wconf 89' lang='lat' dir='ltr'>rium</span> <span class='ocrx_word' id='word_1_671' title='bbox 1141 4253 1187 4307; x_wconf 88' lang='lat' dir='ltr'>hic</span> <span class='ocrx_word' id='word_1_672' title='bbox 1201 4252 1363 4324; x_wconf 88' lang='lat' dir='ltr'>intelligere,</span> <span class='ocrx_word' id='word_1_673' title='bbox 1378 4251 1453 4323; x_wconf 85' lang='lat' dir='ltr'>quod</span> <span class='ocrx_word' id='word_1_674' title='bbox 1466 4260 1563 4322; x_wconf 93' lang='lat' dir='ltr'>sponte</span> <span class='ocrx_word' id='word_1_675' title='bbox 1577 4251 1607 4306; x_wconf 90' lang='lat' dir='ltr'>iit</span> <span class='ocrx_word' id='word_1_676' title='bbox 1617 4252 1718 4321; x_wconf 89' lang='lat' dir='ltr'>absque</span> <span class='ocrx_word' id='word_1_677' title='bbox 1736 4249 1789 4305; x_wconf 91' lang='lat' dir='ltr'>ulla</span> <span class='ocrx_word' id='word_1_678' title='bbox 1805 4251 1855 4306; x_wconf 92' lang='lat' dir='ltr'>ob·</span> 
     </span>
    </p>
   </div>
   <div class='ocr_carea' id='block_1_9' title="bbox 201 4321 1861 5872">
    <p class='ocr_par' dir='ltr' id='par_1_9' title="bbox 201 4321 1857 5247">
     <span class='ocr_line' id='line_1_51' title="bbox 204 4321 1854 4395; baseline 0.001 -18"><span class='ocrx_word' id='word_1_679' title='bbox 204 4322 232 4377; x_wconf 92' lang='lat' dir='ltr'>in</span> <span class='ocrx_word' id='word_1_680' title='bbox 247 4323 441 4379; x_wconf 87' lang='lat' dir='ltr'>Jovinianum:</span> <span class='ocrx_word' id='word_1_681' title='bbox 459 4325 573 4394; x_wconf 68' lang='lat' dir='ltr'>Maioris</span> <span class='ocrx_word' id='word_1_682' title='bbox 586 4328 625 4378; x_wconf 84' lang='lat' dir='ltr'>est</span> <span class='ocrx_word' id='word_1_683' title='bbox 637 4327 735 4392; x_wconf 81' lang='lat' dir='ltr'>pratia</span> <span class='ocrx_word' id='word_1_684' title='bbox 745 4324 936 4394; x_wconf 67' lang='lat' dir='ltr'>ostraceum</span> <span class='ocrx_word' id='word_1_685' title='bbox 949 4338 1001 4377; x_wconf 82' lang='lat' dir='ltr'>riori</span> <span class='ocrx_word' id='word_1_686' title='bbox 1055 4323 1187 4395; x_wconf 89' lang='lat' dir='ltr'>ligatione</span> <span class='ocrx_word' id='word_1_687' title='bbox 1201 4323 1268 4389; x_wconf 83' lang='lat' dir='ltr'>voti,</span> <span class='ocrx_word' id='word_1_688' title='bbox 1290 4323 1330 4377; x_wconf 89' lang='lat' dir='ltr'>rel</span> <span class='ocrx_word' id='word_1_689' title='bbox 1351 4323 1480 4393; x_wconf 84' lang='lat' dir='ltr'>praeccpti</span> <span class='ocrx_word' id='word_1_690' title='bbox 1511 4322 1606 4394; x_wconf 90' lang='lat' dir='ltr'>:quod</span> <span class='ocrx_word' id='word_1_691' title='bbox 1647 4321 1738 4377; x_wconf 90' lang='lat' dir='ltr'>uidem</span> <span class='ocrx_word' id='word_1_692' title='bbox 1754 4321 1854 4378; x_wconf 87' lang='lat' dir='ltr'>melios</span> 
     </span>
     <span class='ocr_line' id='line_1_52' title="bbox 201 4391 1855 4475; baseline 0.001 -28"><span class='ocrx_word' id='word_1_693' title='bbox 201 4392 316 4458; x_wconf 78' lang='lat' dir='ltr'>debeos3</span> <span class='ocrx_word' id='word_1_694' title='bbox 336 4410 418 4462; x_wconf 79' lang='lat' dir='ltr'>quum</span> <span class='ocrx_word' id='word_1_695' title='bbox 430 4395 552 4456; x_wconf 83' lang='lat' dir='ltr'>reddere,</span> <span class='ocrx_word' id='word_1_696' title='bbox 567 4396 639 4463; x_wconf 82' lang='lat' dir='ltr'>qiiod</span> <span class='ocrx_word' id='word_1_697' title='bbox 657 4398 790 4464; x_wconf 79' lang='lat' dir='ltr'>ccipaiis.</span> <span class='ocrx_word' id='word_1_698' title='bbox 802 4395 892 4450; x_wconf 86' lang='lat' dir='ltr'>Debet</span> <span class='ocrx_word' id='word_1_699' title='bbox 909 4402 1002 4450; x_wconf 87' lang='lat' dir='ltr'>autem</span> <span class='ocrx_word' id='word_1_700' title='bbox 1055 4401 1107 4458; x_wconf 88' lang='lat' dir='ltr'>est,</span> <span class='ocrx_word' id='word_1_701' title='bbox 1119 4401 1147 4447; x_wconf 89' lang='lat' dir='ltr'>et</span> <span class='ocrx_word' id='word_1_702' title='bbox 1159 4395 1217 4447; x_wconf 92' lang='lat' dir='ltr'>Deo</span> <span class='ocrx_word' id='word_1_703' title='bbox 1232 4393 1347 4463; x_wconf 88' lang='lat' dir='ltr'>gratius,</span> <span class='ocrx_word' id='word_1_704' title='bbox 1363 4392 1473 4475; x_wconf 85' lang='lat' dir='ltr'>quando</span> <span class='ocrx_word' id='word_1_705' title='bbox 1488 4393 1550 4449; x_wconf 88' lang='lat' dir='ltr'>aliis</span> <span class='ocrx_word' id='word_1_706' title='bbox 1562 4393 1638 4465; x_wconf 88' lang='lat' dir='ltr'>operi</span> <span class='ocrx_word' id='word_1_707' title='bbox 1660 4409 1701 4459; x_wconf 93' lang='lat' dir='ltr'>us,</span> <span class='ocrx_word' id='word_1_708' title='bbox 1717 4401 1744 4446; x_wconf 89' lang='lat' dir='ltr'>et</span> <span class='ocrx_word' id='word_1_709' title='bbox 1753 4391 1855 4449; x_wconf 87' lang='lat' dir='ltr'>ciliciis</span> 
     </span>
     <span class='ocr_line' id='line_1_53' title="bbox 203 4461 1856 4534; baseline 0.002 -18"><span class='ocrx_word' id='word_1_710' title='bbox 203 4470 320 4533; x_wconf 85' lang='lat' dir='ltr'>utraque</span> <span class='ocrx_word' id='word_1_711' title='bbox 329 4465 463 4518; x_wconf 87' lang='lat' dir='ltr'>sententia</span> <span class='ocrx_word' id='word_1_712' title='bbox 474 4480 528 4519; x_wconf 93' lang='lat' dir='ltr'>non</span> <span class='ocrx_word' id='word_1_713' title='bbox 540 4465 577 4519; x_wconf 89' lang='lat' dir='ltr'>ita</span> <span class='ocrx_word' id='word_1_714' title='bbox 587 4465 739 4534; x_wconf 87' lang='lat' dir='ltr'>generatim</span> <span class='ocrx_word' id='word_1_715' title='bbox 757 4465 865 4534; x_wconf 84' lang='lat' dir='ltr'>erponi,</span> <span class='ocrx_word' id='word_1_716' title='bbox 878 4473 908 4520; x_wconf 87' lang='lat' dir='ltr'>iit</span> <span class='ocrx_word' id='word_1_717' title='bbox 920 4465 1002 4520; x_wconf 82' lang='lat' dir='ltr'>rerba</span> <span class='ocrx_word' id='word_1_718' title='bbox 1055 4462 1165 4529; x_wconf 90' lang='lat' dir='ltr'>debitis,</span> <span class='ocrx_word' id='word_1_719' title='bbox 1181 4470 1213 4518; x_wconf 79' lang='lat' dir='ltr'>¹et</span> <span class='ocrx_word' id='word_1_720' title='bbox 1239 4465 1398 4519; x_wconf 86' lang='lat' dir='ltr'>necessariis</span> <span class='ocrx_word' id='word_1_721' title='bbox 1420 4479 1454 4520; x_wconf 87' lang='lat' dir='ltr'>eir</span> <span class='ocrx_word' id='word_1_722' title='bbox 1474 4461 1581 4520; x_wconf 84' lang='lat' dir='ltr'>fervore</span> <span class='ocrx_word' id='word_1_723' title='bbox 1604 4463 1747 4519; x_wconf 89' lang='lat' dir='ltr'>charitatis</span> <span class='ocrx_word' id='word_1_724' title='bbox 1760 4478 1856 4534; x_wconf 87' lang='lat' dir='ltr'>super·</span> 
     </span>
     <span class='ocr_line' id='line_1_54' title="bbox 202 4534 1852 4607; baseline 0.001 -19"><span class='ocrx_word' id='word_1_725' title='bbox 202 4541 315 4599; x_wconf 89' lang='lat' dir='ltr'>sonant,</span> <span class='ocrx_word' id='word_1_726' title='bbox 334 4550 367 4588; x_wconf 89' lang='lat' dir='ltr'>ac</span> <span class='ocrx_word' id='word_1_727' title='bbox 381 4549 435 4603; x_wconf 79' lang='lat' dir='ltr'>prae</span> <span class='ocrx_word' id='word_1_728' title='bbox 455 4549 483 4590; x_wconf 88' lang='lat' dir='ltr'>se</span> <span class='ocrx_word' id='word_1_729' title='bbox 506 4534 609 4598; x_wconf 80' lang='lat' dir='ltr'>ierunt,</span> <span class='ocrx_word' id='word_1_730' title='bbox 630 4535 678 4592; x_wconf 91' lang='lat' dir='ltr'>sed</span> <span class='ocrx_word' id='word_1_731' title='bbox 690 4535 833 4606; x_wconf 85' lang='lat' dir='ltr'>speciatim</span> <span class='ocrx_word' id='word_1_732' title='bbox 848 4535 999 4591; x_wconf 88' lang='lat' dir='ltr'>secundum</span> <span class='ocrx_word' id='word_1_733' title='bbox 1052 4534 1173 4596; x_wconf 84' lang='lat' dir='ltr'>additur,</span> <span class='ocrx_word' id='word_1_734' title='bbox 1192 4542 1219 4588; x_wconf 86' lang='lat' dir='ltr'>et</span> <span class='ocrx_word' id='word_1_735' title='bbox 1240 4549 1271 4589; x_wconf 90' lang='lat' dir='ltr'>su</span> <span class='ocrx_word' id='word_1_736' title='bbox 1292 4543 1460 4607; x_wconf 87' lang='lat' dir='ltr'>ererogatur,</span> <span class='ocrx_word' id='word_1_737' title='bbox 1485 4536 1525 4590; x_wconf 93' lang='lat' dir='ltr'>uti</span> <span class='ocrx_word' id='word_1_738' title='bbox 1547 4552 1631 4606; x_wconf 90' lang='lat' dir='ltr'>sopra</span> <span class='ocrx_word' id='word_1_739' title='bbox 1653 4535 1757 4591; x_wconf 90' lang='lat' dir='ltr'>dictum</span> <span class='ocrx_word' id='word_1_740' title='bbox 1780 4542 1823 4590; x_wconf 88' lang='lat' dir='ltr'>est</span> <span class='ocrx_word' id='word_1_741' title='bbox 1846 4554 1852 4590; x_wconf 94' lang='lat'><strong>:</strong></span> 
     </span>
     <span class='ocr_line' id='line_1_55' title="bbox 204 4551 1853 4677; baseline 0.002 -19"><span class='ocrx_word' id='word_1_742' title='bbox 204 4611 326 4658; x_wconf 89' lang='lat' dir='ltr'>nicutem</span> <span class='ocrx_word' id='word_1_743' title='bbox 354 4608 504 4660; x_wconf 71' lang='lat' dir='ltr'>ductorum</span> <span class='ocrx_word' id='word_1_744' title='bbox 527 4614 555 4661; x_wconf 93' lang='lat' dir='ltr'>et</span> <span class='ocrx_word' id='word_1_745' title='bbox 588 4604 713 4662; x_wconf 90' lang='lat' dir='ltr'>locorum</span> <span class='ocrx_word' id='word_1_746' title='bbox 738 4605 913 4677; x_wconf 81' lang='lat' dir='ltr'>erigentium.</span> <span class='ocrx_word' id='word_1_747' title='bbox 938 4605 1000 4675; x_wconf 86' lang='lat' dir='ltr'>Quo</span> <span class='ocrx_word' id='word_1_748' title='bbox 1053 4607 1101 4663; x_wconf 92' lang='lat' dir='ltr'>ubi</span> <span class='ocrx_word' id='word_1_749' title='bbox 1123 4605 1214 4660; x_wconf 92' lang='lat' dir='ltr'>locum</span> <span class='ocrx_word' id='word_1_750' title='bbox 1236 4551 1319 4661; x_wconf 74' lang='lat' dir='ltr'>haber</span> <span class='ocrx_word' id='word_1_751' title='bbox 1344 4605 1388 4661; x_wconf 91' lang='lat' dir='ltr'>illa</span> <span class='ocrx_word' id='word_1_752' title='bbox 1412 4607 1547 4662; x_wconf 89' lang='lat' dir='ltr'>sententia</span> <span class='ocrx_word' id='word_1_753' title='bbox 1571 4606 1733 4677; x_wconf 87' lang='lat' dir='ltr'>Evangelica</span> <span class='ocrx_word' id='word_1_754' title='bbox 1762 4608 1853 4663; x_wconf 86' lang='lat' dir='ltr'>:Hoec</span> 
     </span>
     <span class='ocr_line' id='line_1_56' title="bbox 203 4674 1819 4749; baseline 0.002 -21"><span class='ocrx_word' id='word_1_755' title='bbox 203 4674 287 4729; x_wconf 94' lang='lat' dir='ltr'>niodo</span> <span class='ocrx_word' id='word_1_756' title='bbox 303 4674 444 4747; x_wconf 82' lang='lat' dir='ltr'>utriusque</span> <span class='ocrx_word' id='word_1_757' title='bbox 466 4677 609 4733; x_wconf 85' lang='lat' dir='ltr'>sententiae</span> <span class='ocrx_word' id='word_1_758' title='bbox 632 4678 706 4733; x_wconf 92' lang='lat' dir='ltr'>idem</span> <span class='ocrx_word' id='word_1_759' title='bbox 721 4675 778 4732; x_wconf 90' lang='lat' dir='ltr'>iere</span> <span class='ocrx_word' id='word_1_760' title='bbox 792 4692 892 4749; x_wconf 89' lang='lat' dir='ltr'>scopus</span> <span class='ocrx_word' id='word_1_761' title='bbox 904 4684 956 4743; x_wconf 90' lang='lat' dir='ltr'>cst,</span> <span class='ocrx_word' id='word_1_762' title='bbox 972 4683 1001 4731; x_wconf 92' lang='lat' dir='ltr'>ct</span> <span class='ocrx_word' id='word_1_763' title='bbox 1055 4678 1176 4749; x_wconf 75' lang='lat' dir='ltr'>oporteat</span> <span class='ocrx_word' id='word_1_764' title='bbox 1187 4677 1288 4742; x_wconf 67' lang='lat' dir='ltr'>socae,</span> <span class='ocrx_word' id='word_1_765' title='bbox 1304 4681 1329 4731; x_wconf 90' lang='lat' dir='ltr'>et</span> <span class='ocrx_word' id='word_1_766' title='bbox 1340 4677 1391 4731; x_wconf 88' lang='lat' dir='ltr'>i&#39;lla</span> <span class='ocrx_word' id='word_1_767' title='bbox 1403 4693 1456 4732; x_wconf 83' lang='lat' dir='ltr'>noir</span> <span class='ocrx_word' id='word_1_768' title='bbox 1467 4680 1588 4734; x_wconf 84' lang='lat' dir='ltr'>omittere</span> <span class='ocrx_word' id='word_1_769' title='bbox 1601 4679 1715 4744; x_wconf 80' lang='lat' dir='ltr'>(Hottt.</span> <span class='ocrx_word' id='word_1_770' title='bbox 1730 4681 1819 4744; x_wconf 82' lang='lat' dir='ltr'><strong>xxv).</strong></span> 
     </span>
     <span class='ocr_line' id='line_1_57' title="bbox 204 4743 1856 4873; baseline 0.001 -73"><span class='ocrx_word' id='word_1_771' title='bbox 204 4745 387 4817; x_wconf 84' lang='lat' dir='ltr'>intelligentia</span> <span class='ocrx_word' id='word_1_772' title='bbox 415 4747 563 4873; x_wconf 53' lang='lat' dir='ltr'>Agbitfflim</span> <span class='ocrx_word' id='word_1_773' title='bbox 579 4748 616 4803; x_wconf 91' lang='lat' dir='ltr'>ibi</span> <span class='ocrx_word' id='word_1_774' title='bbox 631 4752 665 4803; x_wconf 90' lang='lat' dir='ltr'>D.</span> <span class='ocrx_word' id='word_1_775' title='bbox 680 4748 863 4818; x_wconf 78' lang='lat' dir='ltr'>Hieronymus</span> <span class='ocrx_word' id='word_1_776' title='bbox 875 4747 909 4804; x_wconf 93' lang='lat' dir='ltr'>de</span> <span class='ocrx_word' id='word_1_777' title='bbox 923 4746 1000 4818; x_wconf 77' lang='lat' dir='ltr'>argt-</span> <span class='ocrx_word' id='word_1_778' title='bbox 1016 4749 1042 4813; x_wconf 82' lang='grc' dir='ltr'>Ι)</span> <span class='ocrx_word' id='word_1_779' title='bbox 1095 4750 1162 4803; x_wconf 75' lang='lat' dir='ltr'>elta</span> <span class='ocrx_word' id='word_1_780' title='bbox 1172 4748 1208 4801; x_wconf 90' lang='lat' dir='ltr'>D.</span> <span class='ocrx_word' id='word_1_781' title='bbox 1228 4747 1378 4818; x_wconf 83' lang='lat' dir='ltr'>Cyprianus</span> <span class='ocrx_word' id='word_1_782' title='bbox 1392 4747 1439 4804; x_wconf 88' lang='lat' dir='ltr'>lib&#39;.</span> <span class='ocrx_word' id='word_1_783' title='bbox 1455 4750 1489 4804; x_wconf 85' lang='lat' dir='ltr'>de</span> <span class='ocrx_word' id='word_1_784' title='bbox 1509 4751 1636 4806; x_wconf 79' lang='lat' dir='ltr'>Oratione</span> <span class='ocrx_word' id='word_1_785' title='bbox 1646 4750 1786 4805; x_wconf 75' lang='lat' dir='ltr'>[lominica</span> <span class='ocrx_word' id='word_1_786' title='bbox 1803 4743 1856 4802; x_wconf 86' lang='lat' dir='ltr'>sub</span> 
     </span>
     <span class='ocr_line' id='line_1_58' title="bbox 203 4815 1857 4892; baseline 0.002 -21"><span class='ocrx_word' id='word_1_787' title='bbox 203 4815 300 4883; x_wconf 85' lang='lat' dir='ltr'>nitate,</span> <span class='ocrx_word' id='word_1_788' title='bbox 311 4825 339 4872; x_wconf 88' lang='lat' dir='ltr'>et</span> <span class='ocrx_word' id='word_1_789' title='bbox 351 4817 447 4890; x_wconf 84' lang='lat' dir='ltr'>virgini</span> <span class='ocrx_word' id='word_1_790' title='bbox 470 4835 512 4884; x_wconf 90' lang='lat' dir='ltr'>us,</span> <span class='ocrx_word' id='word_1_791' title='bbox 523 4835 589 4890; x_wconf 88' lang='lat' dir='ltr'>qiias</span> <span class='ocrx_word' id='word_1_792' title='bbox 604 4818 669 4875; x_wconf 92' lang='lat' dir='ltr'>dicit</span> <span class='ocrx_word' id='word_1_793' title='bbox 684 4835 700 4874; x_wconf 88' lang='lat' dir='ltr'>a</span> <span class='ocrx_word' id='word_1_794' title='bbox 714 4819 824 4876; x_wconf 88' lang='lat' dir='ltr'>Cliristo</span> <span class='ocrx_word' id='word_1_795' title='bbox 835 4817 894 4886; x_wconf 89' lang='lat' dir='ltr'>plus</span> <span class='ocrx_word' id='word_1_796' title='bbox 909 4818 998 4891; x_wconf 88' lang='lat' dir='ltr'>diligi,</span> <span class='ocrx_word' id='word_1_797' title='bbox 1058 4821 1139 4876; x_wconf 88' lang='lat' dir='ltr'>linem</span> <span class='ocrx_word' id='word_1_798' title='bbox 1155 4837 1161 4874; x_wconf 93' lang='lat'>:</span> <span class='ocrx_word' id='word_1_799' title='bbox 1179 4821 1208 4874; x_wconf 84' lang='lat' dir='ltr'>iti</span> <span class='ocrx_word' id='word_1_800' title='bbox 1222 4820 1400 4881; x_wconf 85' lang='lat' dir='ltr'>orationibus,</span> <span class='ocrx_word' id='word_1_801' title='bbox 1414 4819 1512 4892; x_wconf 88' lang='lat' dir='ltr'>inquit,</span> <span class='ocrx_word' id='word_1_802' title='bbox 1528 4820 1693 4874; x_wconf 83' lang='lat' dir='ltr'>celebrandis</span> <span class='ocrx_word' id='word_1_803' title='bbox 1703 4821 1857 4874; x_wconf 74' lang='lat' dir='ltr'>invertimus</span> 
     </span>
     <span class='ocr_line' id='line_1_59' title="bbox 204 4889 1857 4961; baseline 0.001 -19"><span class='ocrx_word' id='word_1_804' title='bbox 204 4904 287 4960; x_wconf 92' lang='lat' dir='ltr'>quarn</span> <span class='ocrx_word' id='word_1_805' title='bbox 303 4889 441 4959; x_wconf 85' lang='lat' dir='ltr'>conjuges,</span> <span class='ocrx_word' id='word_1_806' title='bbox 460 4892 537 4958; x_wconf 80' lang='lat' dir='ltr'>piria,</span> <span class='ocrx_word' id='word_1_807' title='bbox 553 4890 652 4961; x_wconf 87' lang='lat' dir='ltr'>inquit,</span> <span class='ocrx_word' id='word_1_808' title='bbox 670 4895 764 4960; x_wconf 82' lang='lat' dir='ltr'>syioiite</span> <span class='ocrx_word' id='word_1_809' title='bbox 778 4891 914 4952; x_wconf 82' lang='lat' dir='ltr'>tribuunt,</span> <span class='ocrx_word' id='word_1_810' title='bbox 928 4889 1001 4959; x_wconf 83' lang='lat' dir='ltr'>quod</span> <span class='ocrx_word' id='word_1_811' title='bbox 1055 4893 1208 4948; x_wconf 64' lang='lat' dir='ltr'>obscurasse</span> <span class='ocrx_word' id='word_1_812' title='bbox 1222 4905 1281 4944; x_wconf 87' lang='lat' dir='ltr'>cum</span> <span class='ocrx_word' id='word_1_813' title='bbox 1290 4891 1402 4946; x_wconf 87' lang='lat' dir='ltr'>Daiiielc</span> <span class='ocrx_word' id='word_1_814' title='bbox 1411 4896 1465 4946; x_wconf 88' lang='lat' dir='ltr'>trcs</span> <span class='ocrx_word' id='word_1_815' title='bbox 1473 4894 1606 4961; x_wconf 82' lang='lat' dir='ltr'>prierosiii</span> <span class='ocrx_word' id='word_1_816' title='bbox 1617 4892 1670 4960; x_wconf 73' lang='lat' dir='ltr'>fide</span> <span class='ocrx_word' id='word_1_817' title='bbox 1679 4892 1773 4957; x_wconf 70' lang='lat' dir='ltr'>furtes,</span> <span class='ocrx_word' id='word_1_818' title='bbox 1787 4895 1813 4945; x_wconf 87' lang='lat' dir='ltr'>et</span> <span class='ocrx_word' id='word_1_819' title='bbox 1825 4891 1857 4944; x_wconf 82' lang='lat' dir='ltr'>i&#39;u</span> 
     </span>
     <span class='ocr_line' id='line_1_60' title="bbox 204 4961 1854 5034; baseline 0.001 -21"><span class='ocrx_word' id='word_1_820' title='bbox 204 4976 258 5014; x_wconf 83' lang='lat' dir='ltr'>riou</span> <span class='ocrx_word' id='word_1_821' title='bbox 276 4966 315 5014; x_wconf 81' lang='lat' dir='ltr'>est</span> <span class='ocrx_word' id='word_1_822' title='bbox 329 4963 366 5016; x_wconf 87' lang='lat' dir='ltr'>ei&#39;s</span> <span class='ocrx_word' id='word_1_823' title='bbox 389 4964 562 5031; x_wconf 81' lang='lat' dir='ltr'>imperatum,</span> <span class='ocrx_word' id='word_1_824' title='bbox 579 4962 631 5017; x_wconf 94' lang='lat' dir='ltr'>lioc</span> <span class='ocrx_word' id='word_1_825' title='bbox 647 4969 696 5028; x_wconf 86' lang='lat' dir='ltr'>est,</span> <span class='ocrx_word' id='word_1_826' title='bbox 721 4961 907 5034; x_wconf 84' lang='lat' dir='ltr'>virginitatem</span> <span class='ocrx_word' id='word_1_827' title='bbox 920 4975 1001 5017; x_wconf 88' lang='lat' dir='ltr'>suam</span> <span class='ocrx_word' id='word_1_828' title='bbox 1056 4963 1340 5033; x_wconf 79' lang='lat' dir='ltr'>captivitateui&#39;ctoiei,</span> <span class='ocrx_word' id='word_1_829' title='bbox 1352 4963 1445 5016; x_wconf 85' lang='lat' dir='ltr'>liuram</span> <span class='ocrx_word' id='word_1_830' title='bbox 1455 4965 1574 5025; x_wconf 85' lang='lat' dir='ltr'>tertiam,</span> <span class='ocrx_word' id='word_1_831' title='bbox 1586 4968 1700 5023; x_wconf 78' lang='lat' dir='ltr'>spatam,</span> <span class='ocrx_word' id='word_1_832' title='bbox 1712 4967 1854 5016; x_wconf 86' lang='lat' dir='ltr'>etnoaam.</span> 
     </span>
     <span class='ocr_line' id='line_1_61' title="bbox 206 5031 1853 5105; baseline 0 -19"><span class='ocrx_word' id='word_1_833' title='bbox 206 5034 266 5086; x_wconf 90' lang='lat' dir='ltr'>Deo</span> <span class='ocrx_word' id='word_1_834' title='bbox 278 5031 409 5100; x_wconf 84' lang='lat' dir='ltr'>olferunt,</span> <span class='ocrx_word' id='word_1_835' title='bbox 425 5041 452 5088; x_wconf 91' lang='lat' dir='ltr'>et</span> <span class='ocrx_word' id='word_1_836' title='bbox 466 5041 643 5099; x_wconf 64' lang='lat' dir='ltr'>consecrarem</span> <span class='ocrx_word' id='word_1_837' title='bbox 654 5033 727 5105; x_wconf 87' lang='lat' dir='ltr'>qnod</span> <span class='ocrx_word' id='word_1_838' title='bbox 740 5048 795 5089; x_wconf 93' lang='lat' dir='ltr'>non</span> <span class='ocrx_word' id='word_1_839' title='bbox 809 5040 850 5088; x_wconf 91' lang='lat' dir='ltr'>est</span> <span class='ocrx_word' id='word_1_840' title='bbox 861 5031 1001 5104; x_wconf 72' lang='lat' dir='ltr'>precepti,</span> <span class='ocrx_word' id='word_1_841' title='bbox 1035 5047 1039 5051; x_wconf 84' lang='lat'><em>·</em></span> <span class='ocrx_word' id='word_1_842' title='bbox 1057 5037 1092 5090; x_wconf 88' lang='lat' dir='ltr'>Et</span> <span class='ocrx_word' id='word_1_843' title='bbox 1106 5037 1138 5088; x_wconf 94' lang='lat' dir='ltr'>D.</span> <span class='ocrx_word' id='word_1_844' title='bbox 1152 5032 1338 5103; x_wconf 87' lang='lat' dir='ltr'>Hieronymus</span> <span class='ocrx_word' id='word_1_845' title='bbox 1347 5032 1373 5087; x_wconf 91' lang='lat' dir='ltr'>in</span> <span class='ocrx_word' id='word_1_846' title='bbox 1383 5049 1442 5102; x_wconf 87' lang='lat' dir='ltr'>cap.</span> <span class='ocrx_word' id='word_1_847' title='bbox 1453 5048 1486 5088; x_wconf 87' lang='lat' dir='ltr'>vi</span> <span class='ocrx_word' id='word_1_848' title='bbox 1498 5033 1639 5089; x_wconf 85' lang='lat' dir='ltr'>Danielis:</span> <span class='ocrx_word' id='word_1_849' title='bbox 1657 5035 1732 5094; x_wconf 82' lang='lat' dir='ltr'>Diu,</span> <span class='ocrx_word' id='word_1_850' title='bbox 1747 5032 1853 5102; x_wconf 84' lang='lat' dir='ltr'>inquit,</span> 
     </span>
     <span class='ocr_line' id='line_1_62' title="bbox 205 5101 1857 5176; baseline 0.002 -22"><span class='ocrx_word' id='word_1_851' title='bbox 205 5101 253 5154; x_wconf 91' lang='lat' dir='ltr'>scd</span> <span class='ocrx_word' id='word_1_852' title='bbox 266 5103 374 5156; x_wconf 90' lang='lat' dir='ltr'>consilii</span> <span class='ocrx_word' id='word_1_853' title='bbox 398 5103 533 5174; x_wconf 76' lang='lat' dir='ltr'>:iunioris</span> <span class='ocrx_word' id='word_1_854' title='bbox 556 5113 649 5160; x_wconf 86' lang='lat' dir='ltr'>autern</span> <span class='ocrx_word' id='word_1_855' title='bbox 669 5104 765 5176; x_wconf 83' lang='lat' dir='ltr'>graliae</span> <span class='ocrx_word' id='word_1_856' title='bbox 781 5112 809 5160; x_wconf 93' lang='lat' dir='ltr'>ct</span> <span class='ocrx_word' id='word_1_857' title='bbox 828 5102 1004 5175; x_wconf 83' lang='lat' dir='ltr'>perfectionis</span> <span class='ocrx_word' id='word_1_858' title='bbox 1058 5104 1857 5174; x_wconf 72' lang='lat' dir='ltr'>teiuyiora,puibusDcofleclciidosuiitpciuu,iicc1esiustico</span> 
     </span>
     <span class='ocr_line' id='line_1_63' title="bbox 204 5173 1327 5247; baseline 0.004 -23"><span class='ocrx_word' id='word_1_859' title='bbox 204 5177 248 5225; x_wconf 91' lang='lat' dir='ltr'>est</span> <span class='ocrx_word' id='word_1_860' title='bbox 261 5185 370 5227; x_wconf 86' lang='lat' dir='ltr'>servare</span> <span class='ocrx_word' id='word_1_861' title='bbox 386 5175 511 5243; x_wconf 89' lang='lat' dir='ltr'>consilia,</span> <span class='ocrx_word' id='word_1_862' title='bbox 526 5174 600 5245; x_wconf 92' lang='lat' dir='ltr'>quod</span> <span class='ocrx_word' id='word_1_863' title='bbox 614 5175 692 5247; x_wconf 89' lang='lat' dir='ltr'>pauci</span> <span class='ocrx_word' id='word_1_864' title='bbox 706 5174 826 5239; x_wconf 85' lang='lat' dir='ltr'>faciunt;</span> <span class='ocrx_word' id='word_1_865' title='bbox 839 5191 924 5247; x_wconf 90' lang='lat' dir='ltr'>quain</span> <span class='ocrx_word' id='word_1_866' title='bbox 944 5173 1004 5230; x_wconf 87' lang='lat' dir='ltr'>sola</span> <span class='ocrx_word' id='word_1_867' title='bbox 1058 5176 1174 5232; x_wconf 82' lang='lat' dir='ltr'>traditio</span> <span class='ocrx_word' id='word_1_868' title='bbox 1187 5176 1327 5244; x_wconf 77' lang='lat' dir='ltr'>intelligit.</span> 
     </span>
    </p>

    <p class='ocr_par' dir='ltr' id='par_1_10' title="bbox 205 5238 1861 5872">
     <span class='ocr_line' id='line_1_64' title="bbox 227 5238 1855 5326; baseline 0.004 -31"><span class='ocrx_word' id='word_1_869' title='bbox 227 5249 353 5311; x_wconf 70' lang='lat' dir='ltr'>recepta,</span> <span class='ocrx_word' id='word_1_870' title='bbox 367 5259 428 5313; x_wconf 83' lang='lat' dir='ltr'>qoae</span> <span class='ocrx_word' id='word_1_871' title='bbox 441 5243 476 5299; x_wconf 90' lang='lat' dir='ltr'>ab</span> <span class='ocrx_word' id='word_1_872' title='bbox 491 5244 621 5300; x_wconf 81' lang='lat' dir='ltr'>omuibus</span> <span class='ocrx_word' id='word_1_873' title='bbox 631 5245 786 5326; x_wconf 83' lang='lat' dir='ltr'>exiguntur.</span> <span class='ocrx_word' id='word_1_874' title='bbox 800 5246 933 5303; x_wconf 84' lang='lat' dir='ltr'>Similiter</span> <span class='ocrx_word' id='word_1_875' title='bbox 947 5244 1005 5316; x_wconf 91' lang='lat' dir='ltr'>agit</span> <span class='ocrx_word' id='word_1_876' title='bbox 1096 5238 1105 5278; x_wconf 83' lang='lat'>¹</span> <span class='ocrx_word' id='word_1_877' title='bbox 1118 5249 1161 5301; x_wconf 90' lang='lat' dir='ltr'>De</span> <span class='ocrx_word' id='word_1_878' title='bbox 1175 5245 1219 5301; x_wconf 89' lang='lat' dir='ltr'>bis</span> <span class='ocrx_word' id='word_1_879' title='bbox 1231 5245 1291 5302; x_wconf 89' lang='lat' dir='ltr'>aliis</span> <span class='ocrx_word' id='word_1_880' title='bbox 1313 5261 1345 5301; x_wconf 92' lang='lat' dir='ltr'>ue</span> <span class='ocrx_word' id='word_1_881' title='bbox 1356 5245 1487 5302; x_wconf 89' lang='lat' dir='ltr'>horarum</span> <span class='ocrx_word' id='word_1_882' title='bbox 1501 5245 1693 5303; x_wconf 87' lang='lat' dir='ltr'>canonicarum</span> <span class='ocrx_word' id='word_1_883' title='bbox 1706 5246 1855 5319; x_wconf 89' lang='lat' dir='ltr'>mysteriis,</span> 
     </span>
     <span class='ocr_line' id='line_1_65' title="bbox 207 5257 1861 5398; baseline 0.005 -33"><span class='ocrx_word' id='word_1_884' title='bbox 207 5257 419 5393; x_wconf 64' lang='lat' dir='ltr'>bicCassiziuus,</span> <span class='ocrx_word' id='word_1_885' title='bbox 432 5321 463 5369; x_wconf 90' lang='lat' dir='ltr'>ut</span> <span class='ocrx_word' id='word_1_886' title='bbox 477 5331 507 5368; x_wconf 91' lang='lat' dir='ltr'>eii</span> <span class='ocrx_word' id='word_1_887' title='bbox 528 5315 746 5384; x_wconf 72' lang='lat' dir='ltr'>praecedentibus</span> <span class='ocrx_word' id='word_1_888' title='bbox 759 5316 776 5370; x_wconf 95' lang='lat' dir='ltr'>li</span> <span class='ocrx_word' id='word_1_889' title='bbox 799 5324 853 5382; x_wconf 87' lang='lat' dir='ltr'>iret,</span> <span class='ocrx_word' id='word_1_890' title='bbox 865 5315 899 5371; x_wconf 94' lang='lat' dir='ltr'>de</span> <span class='ocrx_word' id='word_1_891' title='bbox 913 5316 1005 5398; x_wconf 84' lang='lat' dir='ltr'>priva·</span> <span class='ocrx_word' id='word_1_892' title='bbox 1059 5325 1086 5374; x_wconf 92' lang='lat' dir='ltr'>et</span> <span class='ocrx_word' id='word_1_893' title='bbox 1101 5261 1359 5389; x_wconf 71' lang='lat' dir='ltr'>significationibus,</span> <span class='ocrx_word' id='word_1_894' title='bbox 1374 5333 1441 5388; x_wconf 88' lang='lat' dir='ltr'>quas</span> <span class='ocrx_word' id='word_1_895' title='bbox 1453 5317 1497 5373; x_wconf 91' lang='lat' dir='ltr'>liic</span> <span class='ocrx_word' id='word_1_896' title='bbox 1512 5319 1599 5391; x_wconf 90' lang='lat' dir='ltr'>tangit</span> <span class='ocrx_word' id='word_1_897' title='bbox 1614 5318 1769 5383; x_wconf 67' lang='lat' dir='ltr'>(Lamianus,</span> <span class='ocrx_word' id='word_1_898' title='bbox 1784 5332 1861 5388; x_wconf 76' lang='lat' dir='ltr'>prae·</span> 
     </span>
     <span class='ocr_line' id='line_1_66' title="bbox 205 5331 1857 5463; baseline 0.005 -27"><span class='ocrx_word' id='word_1_899' title='bbox 205 5390 243 5436; x_wconf 91' lang='lat' dir='ltr'>tis</span> <span class='ocrx_word' id='word_1_900' title='bbox 257 5384 440 5463; x_wconf 79' lang='lat' dir='ltr'>orationibus,</span> <span class='ocrx_word' id='word_1_901' title='bbox 456 5393 483 5439; x_wconf 90' lang='lat' dir='ltr'>et</span> <span class='ocrx_word' id='word_1_902' title='bbox 504 5386 741 5451; x_wconf 87' lang='lat' dir='ltr'>meditationibus,</span> <span class='ocrx_word' id='word_1_903' title='bbox 766 5331 881 5457; x_wconf 54' lang='lat' dir='ltr'>iibiisqiie</span> <span class='ocrx_word' id='word_1_904' title='bbox 896 5386 1007 5457; x_wconf 89' lang='lat' dir='ltr'>pietatis</span> <span class='ocrx_word' id='word_1_905' title='bbox 1058 5397 1101 5444; x_wconf 91' lang='lat' dir='ltr'>ter</span> <span class='ocrx_word' id='word_1_906' title='bbox 1118 5388 1248 5459; x_wconf 87' lang='lat' dir='ltr'>antiquos</span> <span class='ocrx_word' id='word_1_907' title='bbox 1266 5390 1371 5457; x_wconf 87' lang='lat' dir='ltr'>Patres,</span> <span class='ocrx_word' id='word_1_908' title='bbox 1382 5396 1500 5444; x_wconf 87' lang='lat' dir='ltr'>tractant</span> <span class='ocrx_word' id='word_1_909' title='bbox 1515 5405 1548 5445; x_wconf 84' lang='lat' dir='ltr'>ei</span> <span class='ocrx_word' id='word_1_910' title='bbox 1569 5389 1691 5459; x_wconf 79' lang='lat' dir='ltr'>professo</span> <span class='ocrx_word' id='word_1_911' title='bbox 1705 5392 1857 5461; x_wconf 83' lang='lat' dir='ltr'>Repertus,</span> 
     </span>
     <span class='ocr_line' id='line_1_67' title="bbox 206 5454 1857 5531; baseline 0.005 -24"><span class='ocrx_word' id='word_1_912' title='bbox 206 5462 353 5519; x_wconf 73' lang='lat' dir='ltr'>exercitiis,</span> <span class='ocrx_word' id='word_1_913' title='bbox 368 5470 430 5524; x_wconf 85' lang='lat' dir='ltr'>quae</span> <span class='ocrx_word' id='word_1_914' title='bbox 445 5454 535 5510; x_wconf 87' lang='lat' dir='ltr'>devoti</span> <span class='ocrx_word' id='word_1_915' title='bbox 557 5457 596 5512; x_wconf 89' lang='lat' dir='ltr'>illi</span> <span class='ocrx_word' id='word_1_916' title='bbox 614 5456 742 5512; x_wconf 90' lang='lat' dir='ltr'>monachi</span> <span class='ocrx_word' id='word_1_917' title='bbox 757 5472 820 5512; x_wconf 87' lang='lat' dir='ltr'>cunr</span> <span class='ocrx_word' id='word_1_918' title='bbox 839 5472 921 5528; x_wconf 91' lang='lat' dir='ltr'>opere</span> <span class='ocrx_word' id='word_1_919' title='bbox 944 5473 1005 5512; x_wconf 88' lang='lat' dir='ltr'>ma·</span> <span class='ocrx_word' id='word_1_920' title='bbox 1059 5459 1190 5527; x_wconf 85' lang='lat' dir='ltr'>isidorus,</span> <span class='ocrx_word' id='word_1_921' title='bbox 1204 5460 1285 5531; x_wconf 83' lang='lat' dir='ltr'>Hugo</span> <span class='ocrx_word' id='word_1_922' title='bbox 1297 5474 1312 5514; x_wconf 92' lang='lat' dir='ltr'>a</span> <span class='ocrx_word' id='word_1_923' title='bbox 1326 5459 1353 5514; x_wconf 88' lang='lat' dir='ltr'>S.</span> <span class='ocrx_word' id='word_1_924' title='bbox 1371 5461 1492 5527; x_wconf 86' lang='lat' dir='ltr'>Victore,</span> <span class='ocrx_word' id='word_1_925' title='bbox 1512 5461 1602 5516; x_wconf 90' lang='lat' dir='ltr'>etalii</span> <span class='ocrx_word' id='word_1_926' title='bbox 1622 5461 1802 5516; x_wconf 86' lang='lat' dir='ltr'>recentiores.</span> <span class='ocrx_word' id='word_1_927' title='bbox 1831 5463 1857 5515; x_wconf 79' lang='lat' dir='ltr'>A</span> 
     </span>
     <span class='ocr_line' id='line_1_68' title="bbox 206 5524 1856 5603; baseline 0.005 -25"><span class='ocrx_word' id='word_1_928' title='bbox 206 5539 293 5578; x_wconf 90' lang='lat' dir='ltr'>nuum</span> <span class='ocrx_word' id='word_1_929' title='bbox 308 5525 410 5581; x_wconf 87' lang='lat' dir='ltr'>divinis</span> <span class='ocrx_word' id='word_1_930' title='bbox 429 5524 529 5582; x_wconf 84' lang='lat' dir='ltr'>ciliciis</span> <span class='ocrx_word' id='word_1_931' title='bbox 544 5527 775 5590; x_wconf 86' lang='lat' dir='ltr'>intermiscentes,</span> <span class='ocrx_word' id='word_1_932' title='bbox 802 5527 859 5584; x_wconf 83' lang='lat' dir='ltr'>sire</span> <span class='ocrx_word' id='word_1_933' title='bbox 882 5527 1006 5598; x_wconf 89' lang='lat' dir='ltr'>iuterpo-</span> <span class='ocrx_word' id='word_1_934' title='bbox 1058 5530 1159 5603; x_wconf 90' lang='lat' dir='ltr'>quibus</span> <span class='ocrx_word' id='word_1_935' title='bbox 1172 5531 1254 5585; x_wconf 84' lang='lat' dir='ltr'>rariae</span> <span class='ocrx_word' id='word_1_936' title='bbox 1273 5530 1392 5586; x_wconf 86' lang='lat' dir='ltr'>rationes</span> <span class='ocrx_word' id='word_1_937' title='bbox 1401 5530 1568 5599; x_wconf 78' lang='lat' dir='ltr'>atteruntur,</span> <span class='ocrx_word' id='word_1_938' title='bbox 1584 5549 1632 5587; x_wconf 86' lang='lat' dir='ltr'>cur</span> <span class='ocrx_word' id='word_1_939' title='bbox 1644 5534 1700 5587; x_wconf 84' lang='lat' dir='ltr'>lioee</span> <span class='ocrx_word' id='word_1_940' title='bbox 1710 5532 1856 5602; x_wconf 85' lang='lat' dir='ltr'>specialius</span> 
     </span>
     <span class='ocr_line' id='line_1_69' title="bbox 208 5597 1859 5674; baseline 0.006 -25"><span class='ocrx_word' id='word_1_941' title='bbox 208 5603 304 5650; x_wconf 89' lang='lat' dir='ltr'>nentes</span> <span class='ocrx_word' id='word_1_942' title='bbox 316 5603 406 5652; x_wconf 88' lang='lat' dir='ltr'>totum</span> <span class='ocrx_word' id='word_1_943' title='bbox 420 5597 474 5653; x_wconf 89' lang='lat' dir='ltr'>diei</span> <span class='ocrx_word' id='word_1_944' title='bbox 488 5605 597 5669; x_wconf 88' lang='lat' dir='ltr'>tempus</span> <span class='ocrx_word' id='word_1_945' title='bbox 614 5597 720 5670; x_wconf 88' lang='lat' dir='ltr'>absque</span> <span class='ocrx_word' id='word_1_946' title='bbox 732 5597 786 5654; x_wconf 91' lang='lat' dir='ltr'>iilia</span> <span class='ocrx_word' id='word_1_947' title='bbox 803 5597 1007 5655; x_wconf 86' lang='lat' dir='ltr'>intermissione</span> <span class='ocrx_word' id='word_1_948' title='bbox 1060 5607 1180 5671; x_wconf 79' lang='lat' dir='ltr'>temporo</span> <span class='ocrx_word' id='word_1_949' title='bbox 1191 5602 1325 5670; x_wconf 74' lang='lat' dir='ltr'>religiosis</span> <span class='ocrx_word' id='word_1_950' title='bbox 1340 5604 1394 5656; x_wconf 89' lang='lat' dir='ltr'>siut</span> <span class='ocrx_word' id='word_1_951' title='bbox 1406 5604 1504 5671; x_wconf 69' lang='lat' dir='ltr'>appuis</span> <span class='ocrx_word' id='word_1_952' title='bbox 1516 5604 1658 5674; x_wconf 84' lang='lat' dir='ltr'>deputata,</span> <span class='ocrx_word' id='word_1_953' title='bbox 1670 5603 1724 5658; x_wconf 90' lang='lat' dir='ltr'>boc</span> <span class='ocrx_word' id='word_1_954' title='bbox 1736 5610 1787 5670; x_wconf 79' lang='lat' dir='ltr'>est,</span> <span class='ocrx_word' id='word_1_955' title='bbox 1807 5617 1859 5659; x_wconf 90' lang='lat' dir='ltr'>cur</span> 
     </span>
     <span class='ocr_line' id='line_1_70' title="bbox 209 5666 1857 5746; baseline 0.006 -27"><span class='ocrx_word' id='word_1_956' title='bbox 209 5673 236 5746; x_wconf 79' lang='lat' dir='ltr'>et</span> <span class='ocrx_word' id='word_1_957' title='bbox 250 5666 342 5735; x_wconf 88' lang='lat' dir='ltr'>quiete</span> <span class='ocrx_word' id='word_1_958' title='bbox 359 5667 551 5734; x_wconf 87' lang='lat' dir='ltr'>absumebant,</span> <span class='ocrx_word' id='word_1_959' title='bbox 571 5669 644 5725; x_wconf 91' lang='lat' dir='ltr'>sicut</span> <span class='ocrx_word' id='word_1_960' title='bbox 655 5668 735 5736; x_wconf 91' lang='lat' dir='ltr'>panio</span> <span class='ocrx_word' id='word_1_961' title='bbox 746 5676 809 5724; x_wconf 89' lang='lat' dir='ltr'>ante</span> <span class='ocrx_word' id='word_1_962' title='bbox 822 5669 907 5735; x_wconf 84' lang='lat' dir='ltr'>diiit;</span> <span class='ocrx_word' id='word_1_963' title='bbox 923 5678 1008 5740; x_wconf 81' lang='lat' dir='ltr'>atoue</span> <span class='ocrx_word' id='word_1_964' title='bbox 1063 5671 1106 5727; x_wconf 89' lang='lat' dir='ltr'>bis</span> <span class='ocrx_word' id='word_1_965' title='bbox 1120 5671 1211 5741; x_wconf 91' lang='lat' dir='ltr'>potios</span> <span class='ocrx_word' id='word_1_966' title='bbox 1223 5673 1403 5743; x_wconf 89' lang='lat' dir='ltr'>temporibus,</span> <span class='ocrx_word' id='word_1_967' title='bbox 1419 5689 1466 5729; x_wconf 91' lang='lat' dir='ltr'>seu</span> <span class='ocrx_word' id='word_1_968' title='bbox 1477 5673 1551 5730; x_wconf 88' lang='lat' dir='ltr'>boris</span> <span class='ocrx_word' id='word_1_969' title='bbox 1563 5673 1653 5731; x_wconf 88' lang='lat' dir='ltr'>cilicia</span> <span class='ocrx_word' id='word_1_970' title='bbox 1669 5674 1761 5730; x_wconf 85' lang='lat' dir='ltr'>divina</span> <span class='ocrx_word' id='word_1_971' title='bbox 1775 5689 1857 5746; x_wconf 91' lang='lat' dir='ltr'>pera·</span> 
     </span>
     <span class='ocr_line' id='line_1_71' title="bbox 211 5735 1857 5872; baseline 0.006 -82"><span class='ocrx_word' id='word_1_972' title='bbox 211 5744 248 5791; x_wconf 90' lang='lat' dir='ltr'>ita</span> <span class='ocrx_word' id='word_1_973' title='bbox 267 5735 465 5807; x_wconf 80' lang='lat' dir='ltr'>functionibus,</span> <span class='ocrx_word' id='word_1_974' title='bbox 480 5738 507 5794; x_wconf 91' lang='lat' dir='ltr'>id</span> <span class='ocrx_word' id='word_1_975' title='bbox 524 5748 577 5808; x_wconf 78' lang='lat' dir='ltr'>est,</span> <span class='ocrx_word' id='word_1_976' title='bbox 589 5738 690 5796; x_wconf 85' lang='lat' dir='ltr'>ciliciis</span> <span class='ocrx_word' id='word_1_977' title='bbox 703 5740 856 5805; x_wconf 89' lang='lat' dir='ltr'>canonicis,</span> <span class='ocrx_word' id='word_1_978' title='bbox 875 5741 1007 5798; x_wconf 89' lang='lat' dir='ltr'>canonica</span> <span class='ocrx_word' id='word_1_979' title='bbox 1060 5741 1235 5816; x_wconf 81' lang='lat' dir='ltr'>gantur;.sed</span> <span class='ocrx_word' id='word_1_980' title='bbox 1247 5751 1303 5799; x_wconf 90' lang='lat' dir='ltr'>tres</span> <span class='ocrx_word' id='word_1_981' title='bbox 1317 5744 1444 5800; x_wconf 84' lang='lat' dir='ltr'>videntur</span> <span class='ocrx_word' id='word_1_982' title='bbox 1457 5745 1621 5817; x_wconf 81' lang='lat' dir='ltr'>praecipuae:</span> <span class='ocrx_word' id='word_1_983' title='bbox 1636 5761 1753 5818; x_wconf 87' lang='lat' dir='ltr'>quarum</span> <span class='ocrx_word' id='word_1_984' title='bbox 1759 5745 1857 5872; x_wconf 58' lang='lat' dir='ltr'>grima</span> 
     </span>
    </p>
   </div>
   <div class='ocr_carea' id='block_1_10' title="bbox 208 5801 1858 5890">
    <p class='ocr_par' dir='ltr' id='par_1_11' title="bbox 208 5801 1858 5890">
     <span class='ocr_line' id='line_1_72' title="bbox 208 5801 1858 5890; baseline 0.005 -26"><span class='ocrx_word' id='word_1_985' title='bbox 208 5808 408 5881; x_wconf 81' lang='lat' dir='ltr'>compulsione,</span> <span class='ocrx_word' id='word_1_986' title='bbox 426 5808 479 5867; x_wconf 90' lang='lat' dir='ltr'>hoc</span> <span class='ocrx_word' id='word_1_987' title='bbox 492 5801 546 5890; x_wconf 59' lang='lat' dir='ltr'>estj</span> <span class='ocrx_word' id='word_1_988' title='bbox 560 5811 678 5883; x_wconf 82' lang='lat' dir='ltr'>regulari</span> <span class='ocrx_word' id='word_1_989' title='bbox 699 5809 826 5868; x_wconf 88' lang='lat' dir='ltr'>instituto</span> <span class='ocrx_word' id='word_1_990' title='bbox 843 5812 943 5871; x_wconf 88' lang='lat' dir='ltr'>debitis</span> <span class='ocrx_word' id='word_1_991' title='bbox 958 5827 1008 5871; x_wconf 88' lang='lat' dir='ltr'>io·</span> <span class='ocrx_word' id='word_1_992' title='bbox 1059 5813 1172 5886; x_wconf 87' lang='lat' dir='ltr'>respicit</span> <span class='ocrx_word' id='word_1_993' title='bbox 1192 5813 1356 5881; x_wconf 80' lang='lat' dir='ltr'>beneficium</span> <span class='ocrx_word' id='word_1_994' title='bbox 1376 5815 1535 5885; x_wconf 86' lang='lat' dir='ltr'>creationis,</span> <span class='ocrx_word' id='word_1_995' title='bbox 1552 5819 1671 5875; x_wconf 85' lang='lat' dir='ltr'>secunda</span> <span class='ocrx_word' id='word_1_996' title='bbox 1689 5816 1758 5874; x_wconf 89' lang='lat' dir='ltr'>bene</span> <span class='ocrx_word' id='word_1_997' title='bbox 1779 5817 1858 5873; x_wconf 89' lang='lat' dir='ltr'>cium</span> 
     </span>
    </p>
   </div>
   <div class='ocr_carea' id='block_1_11' title="bbox 0 0 1958 6148">
    <p class='ocr_par' dir='ltr' id='par_1_12' title="bbox 0 0 1958 6148">
     <span class='ocr_line' id='line_1_73' title="bbox 0 0 1958 6148; baseline 0 0"><span class='ocrx_word' id='word_1_998' title='bbox 0 0 1958 6148; x_wconf 95' lang='lat' dir='ltr'> </span> 
     </span>
    </p>
   </div>
  </div>
 </body>
</html>
