3848 6158
145 212 197 267 665
630 205 794 265 cotentio
813 208 859 264 Vl.
882 239 914 249 -
934 207 978 266 DE
996 209 1085 266 NECE
1104 209 1321 269 seuetottult.
1749 226 1800 281 666

144 331 297 408 possidebit
328 329 449 403 quisquis
471 330 516 386 ille
543 340 710 400 sanctorum,
741 342 772 390 ut
800 333 1106 408 immobilisAquoties
1115 339 1149 393 ab
1165 337 1260 394 eadem
1280 337 1361 396 luerit
1381 348 1518 414 evagatus.
1540 346 1552 376 ⁸
1577 343 1654 400 lllam
1683 362 1800 419 namque

143 435 312 501 perseveret.
323 427 439 482 Necesse
451 433 492 480 cst
512 425 585 481 enim
605 434 653 482 aut
678 427 780 500 aliquid
800 428 880 501 adjici
894 429 947 486 illis
999 445 1081 501 quain
1096 430 1123 486 in
1137 432 1204 487 cella
1215 432 1334 490 residens
1346 435 1596 507 acquisieratanimi
1610 439 1797 513 intentionem,

142 537 254 594 semper
265 528 311 577 aut
324 518 422 586 minui,
445 517 572 591 nullaque
595 520 623 576 in
642 521 717 576 omni
737 530 860 578 ereatura
884 523 946 579 talis
998 523 1259 593 silueritrelaxata,
1276 544 1436 601 recuperare
1450 547 1545 588 rursus
1558 549 1614 589 non
1631 534 1688 590 sine
1708 534 1800 593 labore

142 615 315 688 poteritesse
333 611 475 687 perfectio,
491 627 552 685 quae
569 613 756 671 mutabilitatis
773 631 830 672 non
850 616 945 689 subja·
998 621 1099 692 poterit
1117 637 1148 678 ac
1162 622 1267 690 dolore,
1285 633 1312 679 et
1331 640 1379 696 per
1396 625 1449 682 boc
1465 626 1592 684 reductus
1606 638 1681 686 retro
1694 646 1750 686 non
1764 632 1799 687 de

141 717 203 766 cent
215 708 342 782 passioni,
356 705 508 764 secundum
522 705 587 763 illud
599 708 674 778 quod
684 708 711 764 in
724 708 795 765 libro
807 708 879 765 beati
892 711 945 767 Job
998 714 1098 771 amisso
1112 715 1242 788 cogitabit
1255 717 1379 788 prosectu
1391 735 1471 791 quem
1482 722 1678 794 superadjicere
1691 726 1797 796 potuit,

141 803 258 875 legitur:
277 802 542 872 Quidamtamen
558 803 745 858 immaculatas
759 806 796 858 si't
811 808 837 858 et
853 805 945 874 yantas
998 807 1048 864 sie
1064 807 1130 863 cella
1145 824 1200 864 non
1219 809 1319 867 fuisset
1337 826 1477 881 excussus,
1496 814 1544 871 sed
1560 814 1689 885 gaudebit
1707 818 1799 887 potius

140 901 276 966 appareat
290 901 371 951 notes
383 895 417 950 de
433 892 568 948 muliere?
589 897 654 950 Ecce
670 897 741 950 inter
758 901 863 952 sanates
887 899 944 968 ejus
996 901 1020 957 si
1033 901 1109 957 illurn
1121 910 1223 958 statum
1240 903 1275 960 de
1293 919 1347 975 qno
1369 906 1465 962 recidit
1486 909 1664 979 semetipsum
1685 909 1799 965 senserit

139 990 411 1051 nemoimmntebi'le's,
423 991 448 1042 et
458 987 517 1041 cali
527 988 756 1043 nonsuntmnndi
768 991 798 1044 in
809 996 944 1060 conspectu
997 997 1139 1067 recepisse.
1155 998 1228 1052 Nam
1239 997 1308 1053 sicut
1319 997 1450 1054 amissum
1464 1015 1495 1055 ac
1507 1002 1677 1072 preteritum
1690 1010 1798 1074 tempus

138 1083 198 1154 eJ'm
210 1083 281 1155 (lob.
296 1086 362 1154 xv).
388 1082 481 1139 Solum
501 1097 622 1152 namque
640 1087 730 1139 Deum
748 1083 943 1140 immutabilem
996 1086 1109 1145 ulterius
1123 1089 1245 1145 revocari
1265 1105 1321 1145 non
1335 1097 1433 1161 potest,
1450 1091 1488 1147 ita
1502 1108 1536 1148 ne
1548 1092 1593 1149 illa
1610 1096 1719 1165 quidem
1734 1111 1796 1167 quae

137 1178 315 1247 confitemur,
330 1192 412 1250 quein
425 1175 617 1234 tantummodo
629 1179 714 1234 sancti
727 1177 797 1234 illins
805 1177 943 1252 propbetas
996 1179 1136 1251 perierunt
1150 1190 1264 1252 possunt
1281 1182 1466 1239 emolumenta
1484 1187 1600 1241 restitui.
1624 1187 1796 1256 Quantumli-

136 1270 179 1329 ita
192 1273 338 1344 compellat
348 1271 456 1328 oratio:
475 1273 515 1326 Tu
534 1275 624 1327 entem
641 1273 714 1328 idern
734 1275 792 1343 ipse
802 1289 829 1329 es
851 1272 941 1345 (Psnl.
995 1272 1127 1331 batonim
1142 1274 1273 1345 postbaec
1287 1275 1729 1349 animiintentiolueritoperata,
1753 1280 1796 1334 iii·

136 1362 197 1434 ci).
216 1367 251 1419 tet
266 1365 321 1436 ipse
333 1364 367 1420 de
385 1367 504 1432 se:qu
527 1379 597 1427 suin,
621 1365 718 1437 inquit,
742 1371 823 1430 Dens,
845 1371 871 1422 et
888 1383 942 1424 nori
994 1367 1092 1422 stantis
1106 1365 1158 1423 diei
1175 1366 1310 1439 profectus
1326 1377 1354 1425 et
1368 1371 1509 1441 presentis
1526 1371 1657 1442 temporis
1675 1381 1796 1444 quaestus

137 1462 230 1515 mutar
246 1457 375 1528 (llaleeli.
386 1459 454 1529 iii),
471 1456 532 1529 quia
545 1457 647 1514 scilicet
664 1458 722 1529 ipse
740 1458 777 1515 sit
797 1459 872 1516 solus
889 1476 940 1516 na·
994 1468 1045 1528 est,
1056 1476 1113 1517 non
1127 1460 1195 1535 lueri
1209 1462 1291 1518 semel
1304 1462 1402 1535 perditi
1415 1464 1593 1537 recuperatio.

139 1549 272 1617 inradiet,
288 1565 396 1622 semper
409 1551 506 1616 bonus,
526 1566 635 1623 semper
655 1551 760 1624 plenus,
780 1568 940 1627 semperque
1283 1597 1404 1654 CAPUT
1423 1597 1488 1667 m

140 1643 284 1717 perlectus,
300 1643 422 1700 cuinihil
443 1643 585 1716 neeady'ici
606 1645 689 1716 possit
708 1645 865 1720 aliquando,
891 1663 941 1705 nec
1492 1639 1499 1652 ⁰

139 1737 238 1795 minui·
260 1736 378 1811 Ideoque
399 1737 531 1794 debemus
554 1737 589 1795 ad
607 1739 740 1797 „mutum
758 1741 847 1799 studia
872 1743 941 1800 im„
957 1713 1032 1793 Blle
1048 1712 1229 1767 mutabilitate
1244 1728 1424 1784 snpcniaruin
1442 1716 1637 1786 caelestiumque
1650 1718 1793 1772 cirtiitnm.

140 1833 223 1890 inisse
235 1849 301 1890 cura
323 1849 356 1889 ae
368 1833 548 1890 sollieitudine
561 1837 743 1910 nosmetipsos
760 1853 868 1910 semper
889 1853 939 1894 ex·
1026 1836 1204 1893 lllutabilitati
1224 1845 1316 1894 autern
1335 1838 1418 1894 etiam
1434 1855 1565 1911 supernas
1581 1838 1746 1912 potestates,
1764 1850 1795 1921 ut

140 1927 262 1995 tendere,
277 1927 395 1999 ipsisque
405 1927 569 2001 noejugiter
587 1930 721 1986 exercitiis
736 1931 886 2004 occupares
903 1947 938 1989 ne
991 1929 1122 1999 diximus,
1135 1930 1285 2003 subjacere,
1304 1932 1446 1989 declarant
1460 1933 1496 1989 illi
1508 1935 1554 2005 qui
1581 1933 1614 1990 de
1628 1951 1723 1992 eorum
1740 1952 1795 1992 nu·
1902 1931 1908 1959 ²

139 2027 262 2077 cessante
276 2019 409 2093 proiectu,
429 2021 572 2079 confestim
586 2023 731 2080 diminutio
748 2025 937 2097 subsequatur.
992 2039 1067 2080 mero
1092 2033 1229 2096 corruptae
1259 2025 1406 2083 voluntatis
1427 2026 1490 2083 vitio
1518 2037 1687 2087 canuerunt
1713 2029 1793 2087 Unde

138 2113 408 2182 Utenimdiiiimns,
425 2115 456 2173 in
467 2132 521 2174 nno
538 2132 616 2174 mens
629 2117 781 2191 eodemque
793 2127 866 2177 statu
879 2136 938 2176 ma·
989 2120 1105 2192 ¹’neque
1119 2119 1157 2176 illi
1183 2120 1361 2178 immutabilis
1379 2130 1484 2179 naturae
1504 2137 1563 2178 esse
1580 2122 1692 2194 putandi
1717 2134 1791 2192 suin,

139 2222 208 2262 nere
225 2221 281 2262 non
298 2209 435 2280 praevalet,
456 2208 482 2266 id
502 2218 552 2278 est,
568 2218 598 2267 ut
613 2227 665 2267 neo
683 2220 830 2284 augmenta
853 2211 937 2269 virtu·

140 2307 203 2355 tum
214 2300 312 2372 capiat,
326 2315 377 2357 nee
389 2301 548 2360 detrimenta
561 2304 702 2361 sustineat.
717 2309 780 2362 Non
791 2306 938 2379 acquisisse

138 2393 213 2448 enim
236 2393 294 2466 ejus
315 2394 446 2452 minuisse
468 2405 520 2466 cst,
542 2398 606 2470 quia
628 2398 757 2456 desin'ens
779 2398 956 2472 proficiendi,

990 2213 1036 2283 qul
1060 2213 1087 2268 in
1100 2212 1145 2269 illa
1162 2214 1308 2284 quaerenti
1330 2221 1396 2270 sunt
1416 2212 1583 2270 beatitudine
1609 2227 1791 2286 perseverant,

989 2320 1023 2362 eo
1035 2305 1109 2378 quod
1123 2306 1152 2362 in
1168 2308 1334 2364 contrariam
1360 2314 1464 2380 partein
1478 2323 1532 2363 non
1553 2306 1792 2374 luerintsimiliter

989 2397 1136 2472 depravati.
1164 2400 1245 2458 Aliud
1267 2416 1385 2472 namque
1411 2411 1454 2458 est
1480 2402 1659 2458 immutabilis
1685 2412 1791 2459 naturae

136 2488 273 2560 appetitus
284 2504 339 2545 non
350 2489 461 2546 aberita
476 2493 595 2563 periculo
606 2492 757 2550 recedendi.

435 2585 558 2643 CAPUT
575 2586 637 2643 XV.

245 2675 321 2744 Qtted
332 2677 524 2734 detrimentum
533 2683 569 2735 si't
583 2682 738 2738 discederes
754 2683 828 2738 cella.

989 2509 1058 2564 esse,
1077 2495 1152 2552 aliud
1174 2496 1284 2553 virtutis
1305 2496 1437 2552 industria
1456 2497 1574 2568 bonique
1596 2495 1721 2552 custodia
1744 2496 1791 2568 pei

989 2586 1164 2646 immutabilis
1173 2590 1225 2645 Dei
1239 2589 1353 2661 gratiam
1362 2604 1418 2645 non
1431 2589 1541 2645 mutari.
1561 2589 1701 2660 Quidquid
1715 2591 1789 2644 enim

989 2692 1038 2749 per
1060 2678 1229 2752 diligentiam
1252 2679 1292 2734 rel
1317 2678 1466 2751 aequiritur
1491 2679 1532 2735 rel
1557 2686 1673 2744 tenetur,
1701 2688 1790 2750 potest

172 2768 287 2840 ldeoque
304 2770 379 2843 jugis
398 2771 473 2830 cellae
495 2775 674 2832 commoratio
692 2774 853 2832 retentanda
883 2785 935 2833 est.
989 2771 1071 2828 etiarn
1092 2788 1140 2844 per
1162 2771 1352 2845 negligentiam
1375 2771 1505 2843 deperire.
1527 2770 1645 2841 ldeoque
1667 2772 1787 2828 dicitur:

135 2858 229 2914 Toties
259 2858 332 2915 enim
345 2861 426 2916 etiain
444 2877 568 2918 reversus
582 2865 646 2935 quis
662 2864 735 2920 velut
751 2880 839 2921 novus
857 2864 884 2921 in
905 2882 935 2922 ea
1024 2868 1086 2922 ⁰Ne
1102 2866 1234 2937 beatifioes
1247 2868 1380 2924 bominem
1395 2872 1457 2921 ante
1474 2868 1579 2922 anitum
1595 2880 1674 2919 snum
1693 2866 1788 2935 (necti.

101 2955 106 2961 '
135 2959 167 3006 et
191 2950 320 3024 incipiens
345 2951 492 3022 habitator,
518 2954 649 3012 titubabit
670 2963 750 3031 atque
772 2957 934 3027 turbabitur,
988 2959 1054 3031 xi),
1070 2958 1378 3033 quodvidelieetadbue
1398 2959 1451 3015 pne
1466 2958 1657 3021 colluctatione
1676 2958 1789 3030 quisque

685 3087 813 3146 atiani
831 3090 944 3147 GAZAEI
964 3087 1243 3147 contestantibus

174 3207 188 3237 ⁸
205 3203 343 3274 Quantum
367 3204 498 3277 profectui
518 3207 649 3279 spirituali
673 3216 782 3276 noceat,
803 3217 936 3280 quantum
951 3214 974 3278 c
990 3217 1017 3265 et
1031 3208 1101 3265 loco.
1121 3208 1182 3278 Qua
1203 3207 1307 3263 radone
1320 3222 1336 3263 a
1349 3204 1476 3262 Patribus
1494 3207 1615 3274 (manns.
1639 3203 1739 3275 Areop.
1755 3202 1789 3259 da

136 3274 293 3331 detrimenti
314 3274 410 3332 aflerat
424 3277 555 3349 frequens
577 3294 610 3334 ac
624 3277 705 3335 libera
722 3279 849 3335 monachi
872 3295 934 3335 era·
993 3282 1079 3335 biatn.
1100 3282 1203 3334 nomin.
1219 3294 1242 3333 c.
1258 3284 1286 3345 t,
1308 3281 1440 3335 Nostana.
1456 3283 1525 3331 orat.
1541 3282 1584 3346 85)
1596 3275 1722 3330 dicuntur
1735 3276 1788 3329 im-

136 3346 221 3418 gatio,
243 3355 271 3402 et
292 3362 423 3403 excursus
444 3357 519 3404 eitra
533 3350 742 3416 monasterium,
768 3350 809 3405 vel
827 3366 860 3406 ex
885 3350 936 3407 lioe
990 3350 1120 3406 mortales
1131 3356 1180 3405 ant
1192 3348 1376 3404 immutabiles
1389 3362 1446 3402 nou
1458 3357 1567 3412 natura,
1578 3345 1625 3401 sed
1637 3347 1731 3416 maiia
1747 3349 1787 3401 lta

137 3418 225 3486 capite
241 3417 330 3474 discas
349 3417 419 3473 lieet.
443 3420 516 3475 llinc
541 3435 556 3475 a
577 3420 612 3477 ud
638 3423 731 3476 Patres
758 3419 799 3476 fre
820 3436 887 3477 uens
909 3429 937 3476 et
989 3429 1066 3476 serta
1080 3419 1201 3491 synodus
1216 3426 1268 3473 art.
1288 3422 1331 3483 lt,
1347 3416 1511 3472 Ambrosius
1530 3416 1578 3471 lili.
1594 3430 1634 3471 iii
1655 3415 1690 3471 de
1710 3414 1786 3479 Fide,

135 3489 246 3559 vulgata
262 3489 306 3544 illa
319 3489 451 3545 sententia
473 3437 652 3562 :Ouossaqna
662 3491 790 3562 pendes,
870 3492 936 3547 cella
989 3491 1174 3561 Hieronymus
1188 3488 1316 3545 adversus
1330 3487 1487 3561 Pelagianos
1500 3486 1547 3543 lib.
1570 3502 1595 3542 ii
1608 3501 1666 3611 cap.
1687 3491 1714 3552 8,
1729 3489 1788 3540 Da-

136 3560 273 3615 moneeln's
296 3564 351 3625 (td,
375 3576 402 3630 q.
423 3567 446 3625 t,
469 3577 491 3616 e.
510 3563 625 3628 Placuit)
645 3580 655 3616 .·
676 3562 737 3632 quia
760 3563 830 3618 sicut
857 3562 937 3633 piscis
989 3575 1133 3617 marceniis
1145 3560 1191 3616 lib.
1206 3574 1231 3615 ii
1246 3559 1281 3615 de
1295 3557 1485 3615 FideOrtbod.
1501 3574 1561 3631 cap.
1575 3564 1603 3612 a.
1619 3557 1681 3613 Aio
1695 3567 1788 3613 autem

139 3635 219 3684 erno
242 3644 337 3701 aquam
362 3630 409 3686 diu
432 3632 521 3688 vivere
532 3649 589 3689 non
607 3642 705 3704 potest,
729 3635 768 3690 ita
784 3633 936 3689 monachus
989 3632 1073 3689 niodo
1089 3632 1216 3689 dicuntur
1228 3631 1330 3702 augeli,
1350 3630 1420 3686 sicut
1436 3636 1463 3684 et
1476 3628 1577 3685 anima
1589 3628 1723 3693 hnmanae,
1741 3644 1789 3683 nn·

113 3756 119 3765 ,
138 3707 218 3755 extra
237 3701 431 3758 monasterium
455 3705 518 3759 ritae
531 3705 659 3786 spiritalis
672 3704 841 3776 dispendium
856 3703 936 3761 lacile
989 3712 1050 3759 tura
1073 3702 1268 3768 immutabiles,
1282 3710 1310 3757 et
1327 3699 1506 3765 immortales,
1520 3706 1548 3755 et
1571 3700 1787 3770 incorruptibles,

138 3771 263 3827 incurrit.
292 3772 370 3839 Quod
392 3773 451 3829 aliis
477 3775 567 3831 verbis
589 3773 677 3832 dicere
694 3776 799 3832 solebat
819 3788 935 3848 magnus
988 3774 1053 3846 quia
1075 3774 1181 3830 nullum
1202 3773 1303 3829 liabent
1324 3787 1384 3829 suae
1406 3771 1588 3842 corruptionis
1612 3774 1652 3839 etl
1666 3770 1789 3824 interitus

137 3843 284 3905 Antonius,
308 3850 377 3898 teste
401 3847 556 3901 sozomeno
577 3848 654 3912 (lib.
671 3861 682 3901 i
702 3849 803 3901 Hister.
824 3860 848 3900 c.
872 3846 932 3916 tel:
989 3845 1151 3916 principium
1174 3843 1226 3901 sibi
1241 3845 1380 3899 internum
1401 3850 1429 3897 et
1448 3841 1636 3896 intrinsecum.
1651 3839 1734 3919 tlnde
1751 3842 1785 3892 D.

137 3913 246 3982 Aquom
270 3915 393 3968 uidelicet
403 3917 522 3984 pandus
542 3917 669 3968 alimento
688 3929 752 3976 esse,
764 3915 936 3969 solitudinem
990 3915 1158 3986 Augustinus
1173 3914 1271 3986 passim
1284 3914 1396 3984 angelos
1409 3919 1487 3967 vocat
1495 3908 1661 3967 substantias
1673 3923 1788 3963 immor·

137 3988 226 4039 antem
235 3985 370 4039 monacbis
382 3987 487 4052 asser-re
500 3988 702 4037 ornamentum:
713 3987 793 4051 etqne
805 3984 864 4037 illos
878 3999 937 4038 cuni
989 3986 1058 4039 tales
1073 3986 1142 4054 (tit.
1155 3999 1197 4040 xv
1208 3999 1276 4055 cap.
1296 3976 1370 4053 tl).x

138 4057 238 4109 terrain
270 4057 419 4121 attinqiint,
440 4056 525 4107 attam
545 4053 683 4116 amittere3
702 4051 748 4105 lios
769 4055 859 4106 antem
877 4068 937 4106 cum
1025 4053 1132 4123 evntg.
1155 4053 1260 4109 editio:
1283 4055 1355 4110 Ante
1376 4055 1532 4108 mortemne
1547 4049 1640 4105 leudes
1658 4049 1788 4102 bominem

136 4125 216 4180 eron
227 4127 339 4185 adeant,
350 4123 525 4176 monasticam
538 4125 623 4176 onam
630 4120 839 4192 perderesolere.
855 4122 937 4177 Simi·
991 4121 1437 4192 qinmqnom.1³raetermtstttiuno
1452 4123 1541 4177 locum
1552 4119 1697 4176 Ciaconius
1706 4119 1735 4173 iri
1746 4119 1788 4172 in-

136 4196 198 4250 liter
207 4197 291 4251 etiam
302 4194 330 4246 in
346 4191 413 4245 titis
424 4193 534 4247 Petrum
550 4191 656 4264 legitur,
666 4191 739 4263 quod
751 4193 864 4263 qm'dain
875 4194 938 4260 tto-
990 4193 1052 4249 dice
1064 4194 1189 4248 locorum
1203 4192 1351 4262 scripturae
1366 4191 1517 4248 secundum
1529 4191 1620 4245 Lxx.

135 4270 178 4320 ter
192 4263 405 4330 mmeapeti'sset
418 4277 563 4319 sennonem
573 4263 607 4317 ab
618 4263 713 4318 abbate
725 4264 939 4334 degrediatur·
1026 4250 1093 4317 dlta
1106 4260 1261 4335 legendum,
1272 4270 1304 4317 ut
1321 4263 1390 4317 liene
1408 4259 1560 4317 observavit
1573 4258 1725 4326 (laconiae
1736 4260 1787 4326 rel,

133 4351 241 4391 emec:
260 4331 344 4398 iliade,
359 4335 384 4384 et
393 4333 453 4387 sede
464 4335 494 4387 tn
504 4335 569 4388 cello
580 4339 638 4389 tna.
652 4335 819 4392 Gellaentem
830 4338 877 4389 tua
886 4350 937 4389 orn
989 4342 1023 4391 nt
1037 4333 1084 4390 alii
1105 4331 1213 4388 codices
1222 4331 1324 4388 habent
1348 4336 1396 4389 :ln
1406 4333 1622 4391 colluctationum
1634 4337 1786 4394 scammate,

132 4409 188 4461 ni'a
199 4410 225 4458 te
232 4406 321 4473 potest
333 4405 472 4472 instinere,
487 4408 513 4460 ei
524 4406 565 4460 ibi
574 4409 765 4477 pamaineri's.
776 4402 853 4464 Sient
868 4409 939 4461 enain
989 4419 1046 4460 non
1064 4408 1194 4468 cenatote,
1207 4412 1239 4460 ut
1250 4404 1408 4476 Dionysius,
1426 4404 1468 4461 iel
1481 4405 1622 4466 schcmate,
1640 4407 1787 4469 stemmate,

131 4477 264 4547 piscisea
275 4489 347 4543 aqna
359 4473 567 4541 ednotusstnti'm
576 4479 744 4540 morituram
756 4478 937 4532 etmonoelins
993 4475 1162 4544 stemmate,
1187 4482 1217 4531 ut
1238 4471 1292 4531 itit.
1314 4475 1439 4532 Etenim
1461 4476 1565 4546 mappa
1578 4473 1681 4531 Grecis
1706 4474 1786 4530 stadii

132 4549 219 4617 peril,
230 4548 255 4600 ri
267 4547 337 4612 soils
349 4546 440 4599 cellam
455 4562 531 4601 snam
541 4548 655 4602 minen
669 4547 789 4603 tardere.
806 4550 873 4605 llaec
886 4549 931 4604 ibi.
989 4560 1084 4613 arena,
1099 4545 1155 4603 sire
1172 4545 1259 4612 locus,
1277 4545 1305 4601 in
1324 4560 1379 4617 quo
1393 4543 1504 4603 athletae
1522 4545 1672 4609 conabant,
1689 4544 1726 4599 ita
1743 4544 1787 4599 di-

135 4619 209 4698 llina
221 4618 269 4673 SS.
286 4618 378 4671 Patres
393 4617 536 4698 (Attanae.
552 4620 581 4671 e'n
593 4619 659 4674 Vite
680 4618 708 4673 S.
724 4619 858 4684 Aanmb
869 4632 934 4690 prm
948 4594 974 4657 D
987 4625 1063 4672 ctum
1076 4633 1092 4673 a
1107 4616 1191 4674 verbo
1211 4617 1338 4684 αὰπτειν,
1351 4616 1426 4688 quod
1448 4626 1491 4672 est
1500 4615 1604 4682 fodere,
1615 4614 1688 4686 quod
1709 4613 1787 4695 loven

134 4695 229 4743 sertim
245 4703 308 4742 vero
324 4688 359 4741 D.
380 4687 545 4743 Benedictus
566 4689 640 4757 (Gap.
661 4692 692 4742 st
714 4692 739 4741 et
756 4690 934 4757 tellement,
988 4688 1112 4770 valloque
1129 4689 1327 4762 circumseptus
1349 4694 1430 4754 esset,
1451 4700 1532 4757 equo
1546 4693 1681 4740 eertames
1696 4683 1787 4750 egredi

134 4758 312 4814 stabilitatem
328 4756 378 4811 loci
405 4758 462 4813 suis
478 4758 622 4813 monacbis
635 4765 777 4828 tantopere
797 4756 935 4814 inculcant
989 4772 1044 4814 non
1058 4759 1160 4814 liceret.
1181 4762 1241 4814 l'oii
1262 4767 1304 4814 est
1318 4756 1431 4815 liranis
1445 4753 1604 4810 auctoribus
1626 4759 1653 4804 et
1666 4749 1787 4830 Chryso-

133 4838 162 4884 et
177 4826 381 4883 commendant.
399 4829 472 4883 Hine
487 4835 514 4883 et
528 4828 597 4883 sacri
613 4842 731 4883 canones
741 4827 769 4881 in
784 4827 934 4883 monachos
987 4834 1080 4884 stoma
1106 4828 1241 4899 praecipue
1258 4829 1399 4897 frequens.
1420 4825 1517 4878 Utitur
1531 4837 1573 4884 ee,
1598 4817 1788 4888 metaphorice

133 4907 264 5038 'iil'll
277 4897 794 5038 llll-t⁸³³tt·⁰t-⁰²¹¹¹l¹¹t“¹¹'²‘⁴¹
808 4898 932 4955 ‘'wll''
987 4888 1789 5036 tanttttttlatttltutelstete

134 4984 301 5031 usna,
381 4984 708 5025 uiusaiiicenu.
1003 4984 1027 5023 ic
1176 4984 1181 5018 i
1324 4983 1442 5019 .:,
1579 4978 1584 4997 ¹
1731 5002 1736 5014 .

171 5032 185 5070 δ
202 5045 244 5096 An
266 5039 322 5093 elos
346 5036 525 5094 immutabilis
549 5055 608 5095 esse
628 5047 746 5104 naturae,
763 5051 812 5095 seu
838 5044 933 5095 natura
987 5038 1072 5100 lestis,
1087 5037 1136 5105 qin'
1146 5037 1403 5106 nosspi‘ritnnnoi't,
1416 5035 1487 5090 etad
1500 5035 1546 5089 too
1558 5048 1675 5088 scamina
1687 5033 1788 5113 produ-

134 5055 331 5176 immntaffiiles,
364 5109 472 5165 duobus
486 5109 575 5165 modis
589 5108 697 5181 intelligi
717 5115 822 5181 pateam
836 5115 863 5163 et
877 5124 933 5165 nno
988 5111 1039 5163 att.
1058 5109 1086 5162 S.
1105 5105 1288 5180 Hieronymus
1303 5106 1380 5174 epist.
1395 5112 1426 5161 et
1444 5113 1537 5160 eontra
1557 5118 1663 5159 errores
1675 5104 1788 5157 loannis

105 5182 218 5237 'modo
240 5182 334 5236 Patres
357 5189 468 5252 negant,
489 5181 576 5236 altero
598 5179 737 5236 alllrmant
759 5179 884 5250 aprime,
903 5188 935 5234 ut
986 5175 1226 5248 ierosolymitani:
1244 5176 1297 5233 Geir
1308 5179 1359 5240 ita,
1373 5177 1468 5248 inquit,
1487 5177 1680 5244 omississnper
1692 5174 1788 5243 quibes

133 5251 247 5307 oninino
267 5252 450 5310 immutabiles
469 5251 603 5318 dicantur,
624 5250 713 5314 idest,
737 5249 826 5306 omnis
847 5257 935 5305 muta-
984 5264 1082 5321 peqna
1095 5252 1143 5311 est,
1159 5248 1346 5304 deseammate
1359 5252 1385 5302 et
1401 5249 1455 5302 loce
1469 5248 1625 5301 certaminis
1639 5245 1787 5313 apendiciis,
1842 5269 1847 5282 =

132 5323 217 5378 tionis
236 5333 359 5393 expertes
380 5330 408 5377 et
430 5322 581 5393 incapaces,
632 5318 745 5377 iomddo
766 5330 873 5377 certum
893 5328 934 5376 est
987 5317 1789 5391 inpereqri‘ni'setlotapealienisdispatationibnsiminararis?

132 5407 220 5462 neque
233 5395 357 5459 angelos,
384 5409 470 5465 neque
485 5395 569 5449 ullam
592 5335 674 5448 affirm
697 5400 852 5449 creaturam
874 5407 933 5448 esse
986 5392 1067 5462 Apud
1078 5391 1205 5446 eumdem
1218 5391 1245 5444 iri
1257 5388 1468 5446 Commentariis
1478 5389 1619 5459 lispistolae
1631 5388 1666 5442 ad
1678 5388 1789 5444 Galatas

134 5462 347 5531 immutabilem,
362 5473 391 5520 et
413 5462 665 5536 incorruptibilem
681 5471 742 5519 tum
756 5462 820 5534 quia
834 5477 934 5519 seeun-

131 5532 202 5589 dum
217 5543 339 5591 naturam
354 5553 369 5592 a
384 5537 444 5590 Deo
459 5534 622 5606 dependerit,
636 5550 651 5589 i
665 5533 755 5606 quosi
771 5534 811 5588 iel
825 5532 859 5589 ad
872 5548 933 5589 nio-

129 5612 257 5660 mentum
274 5611 477 5673 desererentur,
498 5606 628 5661 continno
649 5605 676 5660 in
696 5603 813 5660 nihilum
825 5603 932 5660 decide·

128 5683 208 5739 reut;
224 5685 283 5732 tuin
299 5680 360 5748 quia
386 5678 448 5733 aliis
469 5671 666 5732 mutationibus
686 5683 714 5732 et
731 5675 851 5731 motibus
864 5675 930 5730 sub·

124 5744 230 5818 jacent,
254 5763 319 5803 nani
338 5757 365 5804 et
386 5749 525 5805 voluntate
546 5754 699 5815 mutantur,
719 5753 748 5803 et
767 5744 930 5819 cognitione,

988 5534 1058 5588 inter
1069 5546 1096 5586 se
1109 5532 1274 5594 contaedere,
1286 5536 1312 5585 et
1329 5530 1486 5585 atlileticnm
1497 5534 1609 5584 stemma
1632 5531 1682 5583 llei
1699 5530 1789 5596 [liceis

986 5617 1140 5665 samonem,
1165 5618 1228 5658 cum
1244 5603 1321 5673 plane
1335 5601 1478 5674 legendum
1499 5599 1536 5654 sit
1560 5614 1685 5654 scamina.
1703 5600 1789 5670 AEque

986 5671 1384 5745 vitioseapudS.Ambrosium
1396 5671 1466 5728 lib.1
1488 5669 1571 5727 Ollio.
1588 5669 1789 5743 septimonia

986 5745 1093 5815 epulari
1104 5748 1339 5815 pestisenteqnem
1351 5743 1472 5800 stadium
1486 5744 1622 5801 saltatim?
1637 5741 1791 5807 Adtucpa

988 5478 1049 5532 cap.
1064 5477 1079 5515 i
1094 5461 1187 5516 vitiose
1202 5461 1300 5531 legitur
1313 5476 1321 5512 :
1336 5461 1436 5516 Vident
1448 5459 1630 5530 plerosqnede
1641 5460 1790 5527 scripturis
1892 5504 1898 5513 .
