3848 6158
144 238 211 295 tuot

683 224 823 281 103le
841 222 992 281 cassilini
1011 217 1259 278 constrictius.

1741 214 1812 271 tout

141 357 224 435 Quod
243 358 266 416 si
284 356 444 414 imminente
456 352 559 410 exitiali
573 350 671 409 morbo
690 359 832 421 sumptum
847 348 938 418 luerit,
953 352 980 415 Α
994 346 1073 405 tifera
1095 346 1222 404 imminet
1235 341 1390 418 aegritudoz
1405 340 1448 397 sin
1470 355 1533 397 vero
1547 340 1654 410 integra
1670 346 1699 397 et
1709 340 1811 413 imper·

140 452 172 509 lit
185 451 303 520 salubre,
318 458 452 507 caeterum
468 447 571 518 absque
584 443 688 502 summi
709 442 875 501 discriminis
895 457 943 499 ne·

140 544 267 604 cessitate
284 550 444 615 perceptum
458 538 601 611 praesentis
615 537 689 594 exitii
702 544 753 593 est.
769 540 812 592 lta
824 551 944 609 namque

142 640 225 697 etiam
235 644 348 694 sanctos
359 650 391 691 ac
407 630 613 707 probatissimos
629 634 687 689 Deo
697 630 769 687 viros
779 629 945 687 veniabiliter

142 731 259 803 legimus
275 742 341 785 usos
358 726 443 783 luisse
466 724 621 795 mendacio,
645 724 739 781 sicnt⁸
753 724 833 781 Raab
852 727 945 793 (Jusuc

141 830 189 893 ιι),
204 824 285 896 cujus
299 838 365 879 cum
378 836 436 877 nou
447 819 539 878 solum
550 819 626 877 nulla
639 820 784 889 virtutum,
798 816 847 875 sed
861 818 945 875 ctiam

142 912 943 991 ¹²impudicitiamonumentacommemoretScriptura,pro

141 1013 190 1069 tali
211 1009 367 1078 mendacio,
391 1024 447 1083 quo
473 1008 657 1082 exploratores
683 1007 782 1063 maluit
808 1006 945 1063 occultare

141 1121 226 1179 quam
240 1103 366 1177 prodere,
387 1101 532 1160 admisceri
545 1100 655 1181 'populo
671 1100 721 1155 Dei
744 1107 846 1156 aeterna
861 1099 945 1154 benc·

140 1200 259 1259 dictione
265 1201 425 1271 promeruit.
436 1200 503 1269 Qum
515 1196 538 1253 si
548 1196 690 1252 veritatem
702 1193 788 1266 loqui,
802 1202 850 1249 aut
862 1193 944 1249 saluti

140 1292 242 1349 civium
256 1290 398 1349 consulere
413 1289 561 1359 maluisset,
578 1288 645 1344 nulli
668 1285 871 1357 dubiumquod
894 1300 945 1343 uec

143 1387 331 1445 imminentem
353 1398 417 1439 cum
438 1382 564 1439 universa
578 1382 663 1439 domo
681 1395 729 1437 sun
749 1378 860 1452 fugisset
881 1379 946 1435 iute-

142 1482 238 1549 ritum,
253 1494 305 1537 nec
323 1475 480 1537 auctoribus
498 1475 649 1533 Dominicec
665 1474 818 1531 sarii-iuris
833 1472 944 1541 inserta,

142 1587 170 1634 ct
188 1577 217 1633 in
234 1574 451 1649 patriarcharum
474 1577 655 1628 annumerata
674 1570 811 1641 catalogo,
828 1584 877 1641 per
889 1583 946 1624 suc

142 1669 297 1726 cessionem
312 1682 369 1723 suae
386 1664 469 1738 prolis
488 1662 568 1721 cdere
588 1661 732 1719 meruisset
744 1661 868 1718 onmium
889 1658 946 1716 Sal-

997 441 1106 496 turbats
1119 436 1241 511 corporis
1255 434 1373 492 sanitate
1389 440 1525 502 sumatur,
1537 430 1634 487 statim
1649 430 1687 488 ad
1703 448 1809 505 praeoc·

998 531 1122 605 cupandu
1142 530 1235 586 veiculis
1257 528 1299 584 vis
1324 526 1477 600 peruiciosa
1497 523 1647 598 pertendit.
1672 524 1758 593 Quod
1776 525 1810 585 de

998 626 1077 683 Itaab
1099 622 1306 681 Hiericlrontina
1321 621 1419 693 (tosus,
1443 620 1473 693 n)
1496 628 1523 675 et
1539 618 1575 677 de
1589 619 1679 675 Jacob
1700 621 1809 693 patriar·

997 718 1049 774 clra
1062 720 1165 790 (Gentes.
1180 718 1286 786 xrvtr)
1300 712 1441 772 evidenter
1453 720 1600 771 ostensum
1611 720 1667 781 est,
1682 714 1809 786 equibus

997 829 1047 870 nec
1064 813 1110 870 illa
1125 820 1243 869 mortem
1260 809 1326 868 alias
1344 824 1428 891 quam
1448 807 1503 865 boc
1523 806 1648 865 remedio
1674 810 1808 881 potuisset

997 904 1120 971 evadere,
1134 920 1184 962 nec
1204 906 1254 961 iste
1267 903 1302 960 ad
1317 901 1539 961 benedictionem
1552 900 1731 975 primogeniti
1745 918 1807 975 per·

998 998 1101 1054 reuire.
1110 999 1173 1055 Non
1184 996 1259 1054 enim
1270 998 1342 1052 Deus
1354 993 1503 1051 verborum
1513 1000 1623 1053 tantum
1633 1000 1807 1069 actuumque

998 1100 1158 1149 nostrorum
1180 1092 1317 1150 discussor
1337 1098 1364 1146 et
1380 1087 1476 1163 judex,
1495 1087 1543 1145 sed
1564 1088 1646 1145 etiam
1668 1091 1806 1162 propositi

998 1202 1029 1242 ac
1051 1184 1241 1243 destinationis
1261 1184 1398 1256 inspector
1411 1190 1463 1239 est.
1484 1181 1539 1253 Qui
1559 1181 1582 1237 si
1603 1180 1711 1254 aliquid
1724 1197 1805 1240 causa

998 1280 1093 1337 salutis
1107 1288 1217 1338 aemrnae
1230 1295 1262 1335 ac
1281 1277 1379 1335 divinae
1393 1274 1635 1348 contemplationis
1657 1274 1760 1333 intuitu
1772 1277 1805 1335 ab

998 1390 1164 1447 unoquoque
1183 1374 1225 1429 vel
1239 1371 1344 1429 lactum
1358 1369 1457 1427 viderit
1472 1367 1514 1426 vel
1536 1369 1719 1441 promissum,
1734 1376 1803 1427 tam·

999 1470 1048 1525 etsi
1067 1467 1225 1525 hominibus
1237 1465 1337 1523 durum
1357 1471 1441 1536 atque
1458 1462 1584 1535 iniquum
1597 1476 1660 1518 esse
1672 1460 1805 1533 videatur,

999 1560 1043 1616 ille
1056 1568 1147 1617 tamen
1165 1560 1291 1617 intimam
1307 1557 1398 1614 cordis
1417 1554 1566 1628 inspiciens
1583 1555 1725 1627 pietatem,
1746 1572 1803 1614 non

1000 1656 1148 1713 uerborum
1171 1669 1281 1724 sonum,
1304 1652 1351 1710 sed
1375 1659 1470 1708 votum
1489 1648 1616 1722 dijudicat
1639 1650 1801 1719 voluntatis,

143 1771 277 1819 sutorem.
289 1761 415 1834 Denique
429 1758 519 1815 Dadila
531 1758 638 1829 (irretio.
653 1772 708 1813 xvi
721 1764 741 1825 ),
760 1771 821 1827 quau
837 1752 946 1812 utilitati
961 1756 984 1819 B
999 1749 1063 1820 quia
1085 1748 1146 1806 linis
1160 1748 1250 1821 operis
1267 1756 1294 1805 et
1316 1746 1430 1803 allectus
1446 1743 1659 1801 considerandus
1674 1754 1716 1801 est
1734 1761 1800 1818 per-

144 1856 246 1913 civium
271 1853 425 1916 consulens,
451 1852 620 1924 exploratam
645 1849 765 1922 prodidit
791 1849 945 1917 veritatem,

143 1958 281 2025 perpetum
292 1947 453 2023 perditionis
463 1945 679 2003 vicissitudinem
693 1950 849 2011 consecuta,
860 1942 947 1999 solam

143 2043 264 2100 criminis
278 2042 320 2099 sui
339 2039 445 2098 cunctis
463 2039 627 2095 memoriam
647 2034 801 2107 dereliquit.
827 2034 946 2106 Quando

142 2137 223 2210 igitur
235 2150 315 2207 grase
327 2130 437 2204 aliquod
455 2131 584 2187 imminet
593 2128 626 2186 de
641 2126 763 2183 veritatis
775 2126 946 2184 eouicssioue

142 2227 299 2291 discrimen,
313 2233 379 2282 tunc
400 2223 610 2280 mendaciorum
630 2228 694 2277 sunt
714 2220 868 2294 recipienda
887 2236 947 2293 pcr-

142 2318 215 2391 fugia
231 2327 251 2386 ⁸,
269 2318 304 2373 ita
317 2326 410 2373 tannen
424 2323 453 2372 ut
467 2323 545 2372 reatu
557 2314 668 2371 humilis
685 2315 862 2371 conscientiae
876 2315 946 2370 salu-

142 2410 228 2468 briter
239 2411 428 2468 mordeamur.
439 2409 495 2468 Ubi
506 2418 599 2466 autcm
609 2409 682 2465 nulla
697 2408 819 2465 conditio
829 2423 946 2465 summac

142 2504 309 2561 necessitatis
335 2504 485 2574 incumbit,
511 2503 587 2560 emm
618 2503 744 2559 cautione
771 2502 944 2559 rnendacium

143 2596 216 2652 velut
234 2596 408 2653 mortiferum
430 2594 606 2652 devitandum
629 2605 669 2651 est
686 2615 694 2650 :
710 2594 944 2668 quemadmodum

142 2686 176 2743 tle
190 2685 299 2743 ellebori
323 2686 444 2744 diximus
458 2693 541 2758 potu,
557 2684 631 2756 quod
651 2685 759 2740 salubre
772 2692 814 2741 est
830 2685 943 2757 quidem

142 2780 164 2836 si
179 2788 244 2837 tunc
256 2779 369 2838 demum
385 2787 510 2837 sumatur
529 2793 591 2833 enm
607 2778 768 2834 inevitabilis
781 2786 861 2849 atquc
876 2792 945 2833 mor·

1000 1840 1141 1913 peirantis,
1157 1830 1236 1914 dquo
1251 1848 1400 1913 potueruut
1412 1838 1539 1911 quidam,
1553 1847 1583 1894 ut
1603 1838 1802 1909 supradictum

999 1942 1051 2004 cst,
1067 1935 1151 1992 etiam
1165 1949 1213 2007 per
1228 1932 1402 1990 mendacium
1412 1931 1555 2005 justificari
1566 1974 1575 2001 ,
1587 1940 1615 1989 et
1631 1931 1673 1989 alii
1693 1950 1744 2005 per
1757 1950 1801 1991 vc·

999 2030 1086 2087 ritatis
1097 2028 1276 2085 assertionem
1287 2036 1429 2099 peccatum
1446 2034 1589 2099 perpetuae
1604 2026 1701 2083 mortis
1713 2027 1801 2083 incur-

1000 2140 1069 2181 rere.
1090 2110 1135 2182 Ad
1145 2139 1228 2197 quem
1243 2122 1324 2179 tinem
1344 2122 1427 2179 etiam
1442 2122 1528 2179 iacob
1540 2121 1700 2195 patriarcba
1716 2124 1800 2192 libid.)

1000 2217 1158 2292 respiciens,
1180 2215 1315 2289 hispidam
1341 2216 1451 2273 fraterni
1472 2216 1602 2288 corporis
1624 2218 1740 2291 speciem
1756 2218 1799 2275 ob

1000 2312 1137 2369 solutione
1155 2311 1266 2385 pellium
1280 2311 1408 2369 simulare
1421 2327 1479 2367 non
1492 2310 1604 2382 timuit,
1625 2321 1653 2369 ct
1668 2313 1798 2385 instiganti

999 2406 1035 2463 ad
1064 2407 1116 2464 boc
1146 2407 1321 2465 mendacium
1349 2407 1430 2464 matri
1461 2406 1637 2465 laudabiliter
1662 2410 1796 2483 acquievit.

1000 2500 1114 2558 l'idebat
1126 2501 1200 2557 euim
1213 2517 1247 2557 er
1264 2502 1317 2557 boc
1332 2501 1435 2573 maiora
1447 2500 1500 2558 sibi
1519 2501 1599 2559 lucra
1612 2502 1798 2559 benedictionis

999 2602 1080 2667 atque
1097 2593 1310 2667 justitiaequam
1335 2609 1383 2667 per
1397 2593 1582 2666 simplicitatis
1605 2596 1797 2653 obuii-annm

999 2686 1183 2756 conterenda3
1209 2702 1264 2743 non
1292 2685 1366 2742 euim
1390 2685 1533 2744 dubitabat
1560 2688 1694 2745 mendacii
1718 2688 1797 2761 liujus

999 2777 1136 2832 maculam
1148 2776 1325 2832 inundatione
1339 2783 1460 2848 paternae
1470 2776 1667 2834 benedictionis
1676 2777 1797 2849 protinus

690 2936 817 2991 ntrtttttl
837 2936 949 2991 ntzel
969 2935 1248 2992 cottttts'tsntts.

141 3090 283 3148 collatione
309 3091 441 3146 astruitur
467 3098 496 3145 et
521 3086 687 3153 defenditur,
712 3103 780 3159 quas
809 3088 941 3147 dominus
958 3095 981 3158 c
999 3092 1095 3145 binium
1113 3094 1303 3151 remerari-neit.
1317 3095 1352 3159 et,
1371 3094 1482 3161 propter
1500 3090 1550 3147 boe
1572 3092 1682 3155 merresa,
1701 3092 1795 3148 rutilum

141 3160 279 3231 Cuychius
292 3160 410 3232 collegit,
424 3159 490 3215 etin
506 3158 628 3214 ordinem
640 3158 764 3231 digessit,
781 3175 835 3231 qno
854 3160 939 3217 lecto·

141 3230 216 3287 ribus
236 3231 323 3303 stragis
338 3235 446 3303 pateant
460 3238 487 3286 et
503 3230 587 3285 tutius
604 3236 759 3285 caveantur.
778 3233 863 3287 l'orro
876 3230 940 3288 elle-

141 3303 256 3372 borum,
270 3303 327 3373 eel,
341 3310 371 3357 ut
392 3302 436 3359 alii
452 3301 568 3365 malunt,
583 3299 769 3365 helleborum,
784 3300 869 3357 herba
889 3310 940 3370 est,

142 3376 277 3449 insignem
285 3372 475 3446 purgandisim
485 3372 600 3442 habene,
611 3388 693 3444 quam
703 3371 791 3429 Latini
803 3380 941 3429 veratrum

140 3446 286 3518 appellant.
315 3442 576 3501 Praestantissimum
602 3444 724 3500 nascitur
754 3443 781 3499 iu
812 3444 940 3501 rintic'ra

140 3518 238 3584 insula,
258 3516 304 3571 ubi
320 3524 347 3570 et
360 3514 496 3570 tutissime
511 3514 672 3571 sumebatur
684 3514 816 3587 purgandi
836 3462 939 3571 cerebri

140 3600 232 3653 eausa,
246 3592 358 3641 auctore
373 3584 457 3640 Plinio
469 3584 536 3655 (lib.
549 3600 613 3641 xxv
623 3601 682 3655 eripi.
697 3586 734 3653 5).
746 3586 826 3642 Unde
839 3586 940 3641 lactum

139 3662 181 3710 cst
195 3655 283 3727 utqui
299 3654 411 3710 cerebro
424 3656 515 3709 miuus
527 3669 593 3709 sano
607 3671 665 3711 esse
679 3655 845 3725 viderentur,
861 3657 940 3712 Ariti-

139 3741 233 3808 cyram
251 3725 376 3796 navigare
390 3732 437 3779 aut
458 3723 631 3781 belleborum
654 3724 746 3781 bibere
763 3726 939 3795 juberentur,

139 3796 173 3853 bt
194 3796 267 3879 apud
286 3797 398 3853 Graecos
413 3794 577 3865 titetqettav
594 3812 643 3867 pro
663 3794 783 3852 insanire
802 3796 938 3865 sumitur,

138 3877 224 3950 etqui
246 3884 343 3941 parum
357 3866 449 3923 animo
464 3874 603 3933 constant,
617 3875 644 3921 et
657 3865 774 3922 levitatis
794 3876 843 3922 aut
857 3868 938 3923 verti·

135 3939 205 4021 gion
213 3940 312 3995 morbo
320 3939 452 4005 laborant,
466 3936 591 4008 illebbpqr
601 3938 706 4004 berder,
715 3936 742 3992 id
750 3946 792 3993 est
800 3936 939 3996 helleboro

135 4010 255 4081 indigere
276 4008 413 4077 dicuntur,
438 4008 510 4079 quod
534 4008 703 4066 helleborum
726 4024 843 4081 purgare
867 4026 939 4066 cerc-

136 4080 232 4147 brum,
248 4080 361 4150 ideoque
385 4094 480 4135 curare
502 4080 637 4136 insaniam
661 4080 779 4151 antiquis
802 4080 938 4137 creditum

137 4153 181 4209 sit.
193 4152 275 4211 Unde
287 4152 408 4209 isidorus
426 4155 527 4222 (Etgrrr.
544 4152 591 4207 lib.
608 4166 688 4217 xvir,
702 4168 762 4223 rep.
777 4156 805 4219 9)
821 4171 826 4206 :
840 4154 940 4209 Eilcbe

137 4242 209 4294 rum,
225 4224 326 4295 inquit,
337 4225 453 4279 Rorueuu'
465 4225 520 4277 ulio
535 4224 639 4278 rionriue
653 4224 898 4291 rcrntruneriicurtt,
910 4240 938 4279 eo

997 3163 1066 3216 illud
1079 3164 1189 3230 iqrrorit.
1207 3166 1240 3218 nr
1256 3160 1326 3217 inira
1359 3168 1402 3216 ost
1423 3164 1536 3232 longam
1558 3160 1595 3219 de
1609 3164 1732 3233 utrisque
1744 3162 1795 3219 dis-

997 3232 1180 3303 putationem,
1192 3232 1227 3287 ita
1240 3179 1395 3287 concludit:
1409 3234 1619 3289 l‘rur'ruleltuub
1633 3236 1661 3287 tn
1672 3236 1795 3297 llio-telio,

996 3306 1062 3372 quie
1074 3306 1229 3374 peregrinos
1239 3306 1354 3359 borennas
1367 3306 1417 3358 liri
1429 3306 1548 3373 suscepit
1561 3306 1688 3375 bospitio,
1700 3309 1760 3375 qerin
1771 3308 1795 3361 iu

996 3390 1088 3429 cortem
1098 3376 1420 3445 susceptionepericlitato
1431 3379 1480 3437 est,
1497 3377 1565 3444 qru'u
1576 3379 1605 3430 iu
1619 3393 1708 3431 reruni
1720 3381 1794 3433 stiria

995 3446 1120 3509 eredidit,
1146 3448 1210 3515 qur'u
1233 3446 1376 3515 diligenter
1394 3460 1448 3513 eos,
1462 3446 1513 3499 ubi
1520 3449 1630 3517 poterii,
1645 3449 1794 3511 cresciturum

996 3519 1061 3639 quin
1072 3532 1121 3586 per
1134 3518 1217 3571 ulium
1228 3520 1298 3571 urbm
1311 3517 1451 3571 r'erucuruli
1459 3518 1602 3572 eoresilinm
1613 3519 1793 3588 fidelissimum

994 3606 1003 3641 e
1015 3586 1080 3653 ortu,
1088 3590 1171 3642 etiem
1180 3588 1481 3657 superumllicr·usuierrr
1488 3590 1592 3643 cieibus
1599 3591 1737 3645 insrlurrde
1746 3591 1794 3645 leru-

995 3658 1089 3711 tiutur.
1099 3659 1176 3725 Qreod
1183 3664 1273 3713 auterre
1284 3661 1396 3714 rrreutitu
1403 3661 1680 3729 esl,ctiuruss'uliquril
1691 3662 1732 3714 rbi
1736 3678 1794 3731 pre

991 3728 1793 3799 pleeu'eumintelligenteremuniter,ueretmnerrrirn'teruiurn

994 3800 1310 3869 supienterproponitur;
1324 3802 1446 3869 quumvis
1452 3801 1570 3857 Drusilla
1581 3798 1646 3854 burm
1661 3816 1794 3857 ure-rumu-

996 3868 1324 3934 biliterleonorueerit,boc
1330 3871 1715 3940 malurnelcmeuteriquorcrit.
1727 3872 1793 3929 llaec

994 3941 1032 3993 l't.
1047 3938 1216 4013 Augustinus
1224 3941 1257 3997 de
1268 3940 1410 3998 mendacio
1418 3941 1548 4008 ltaab,ad
1555 3942 1635 4013 liujus
1641 3942 1696 3999 loci
1705 3943 1793 4013 eupli-

994 4010 1141 4077 eationem,
1161 4020 1187 4067 et
1207 4010 1282 4070 ialsae
1295 4013 1455 4069 assertionis
1478 4012 1513 4071 de
1535 4012 1682 4070 mendacio
1695 4014 1793 4070 utiliter

994 4088 1020 4135 et
1048 4081 1223 4140 laudabiliter
1246 4091 1376 4155 usurpato
1400 4083 1635 4153 confutationem,
1664 4100 1790 4158 perquam

993 4153 1211 4210 accommodata.

1029 4216 1043 4255 ¹’
1057 4226 1098 4279 De
1112 4224 1190 4280 Raab
1204 4240 1259 4281 nou
1279 4226 1330 4283 alia
1347 4226 1524 4300 impudicitia
1539 4226 1714 4284 monimenta
1728 4226 1790 4284 Scri·

136 4295 209 4363 queri
227 4300 363 4363 sumptum
375 4299 472 4347 ructetur
492 4298 604 4348 inmitem
617 4296 645 4347 iu
656 4298 801 4349 securitatem
816 4296 936 4350 reducet.
995 4301 1076 4366 ptura
1091 4306 1300 4365 commemorat,
1316 4299 1367 4354 nisi
1386 4299 1462 4372 qnod
1476 4313 1537 4355 eam
1556 4300 1730 4356 meretricem
1742 4314 1789 4354 non

169 4374 182 4399 0
200 4363 278 4418 ltaab
301 4360 507 4417 ilierichoutiua
538 4364 638 4418 mulier
665 4364 791 4422 officioso
817 4381 867 4421 usa
894 4374 936 4421 est
991 4365 1084 4421 solum
1101 4366 1217 4422 historia
1231 4368 1325 4435 losuc,
1340 4369 1388 4427 scd
1402 4378 1430 4426 et
1443 4369 1599 4442 Apostolus
1613 4370 1648 4427 ad
1667 4370 1789 4426 llebraeos

134 4430 288 4511 rireudacio,
302 4432 371 4510 dum
381 4430 457 4499 jussa
472 4429 589 4503 prodere
604 4434 788 4503 exploratores
802 4434 935 4491 llebraeos
991 4435 1147 4505 undecimo,
1162 4445 1189 4493 et
1200 4438 1319 4497 lacobus
1333 4456 1393 4513 cap.
1409 4440 1531 4497 seeundo
1552 4442 1691 4497 nominet.
1712 4442 1789 4495 Lvra·

134 4516 180 4573 qur
205 4499 239 4557 ad
261 4500 482 4581 seduceretur,
506 4502 646 4573 respondit
661 4508 785 4571 :Peteon
806 4511 934 4561 cerua-unt
950 4482 975 4542 D
990 4522 1041 4561 uus
1060 4513 1223 4564 tamennon
1244 4511 1352 4584 proprie
1372 4512 1559 4580 meretricem,
1575 4512 1627 4568 sed
1641 4500 1789 4583 cauponam

133 4574 233 4636 eretriae,
248 4572 452 4627 serlncsereburn
465 4574 850 4644 irrideassrut.ironqucpurtu
864 4576 933 4631 clue
987 4592 1035 4633 scu
1064 4577 1199 4651 hospitam
1227 4581 1311 4640 fuisse
1333 4581 1479 4639 contendit.
1510 4582 1583 4641 Vida
1609 4584 1788 4640 llaldouatum

133 4645 243 4699 deretur
256 4647 283 4699 in
296 4642 421 4708 tt'rrebris,
431 4646 456 4697 et
470 4645 511 4697 illi
521 4646 628 4714 puriter
640 4647 772 4713 aurierunt,
784 4649 871 4700 risseio
882 4665 932 4717 que·
987 4648 1014 4702 in
1025 4664 1086 4721 cap.
1103 4665 1114 4706 ι
1128 4650 1260 4707 blattbaei.

132 4718 267 4783 abierunt,
279 4722 321 4771 ete
333 4718 429 4786 iterur,
442 4720 483 4783 n).
496 4712 734 4771 llocmcudacium
743 4731 806 4771 cum
821 4720 933 4775 menda-
1023 4730 1033 4755 ⁰
1048 4726 1084 4776 At
1100 4732 1194 4779 eontra
1207 4723 1339 4781 reclamat
1354 4724 1513 4797 Apostolus,
1528 4741 1585 4783 reon
1597 4742 1646 4783 esse·
1665 4724 1787 4793 reicienda

131 4787 173 4842 cio
186 4787 364 4843 obstetricum
376 4786 576 4859 AEgyptiarum,
587 4800 658 4857 quac,
675 4795 702 4842 ut
714 4786 785 4843 lilios
796 4789 931 4846 tteuraeo
987 4793 1304 4854 crolnutercrriuntbonu
1313 4796 1786 4866 (iteranti.ltcclamatB.lobdicens:

131 4872 194 4912 rum
219 4866 307 4913 morte
330 4857 476 4928 eriperent,
499 4855 633 4912 Plrnraoni
649 4858 771 4914 mentitae
793 4857 929 4931 leguntur,

131 4924 277 5006 conterens
290 4931 324 4980 D.
354 4929 520 4997 Augustinus
543 4944 621 4985 suam
634 4928 667 4985 de
691 4938 808 5001 utroque
824 4939 931 4989 senteu-

132 4996 198 5053 tiam
221 5004 257 5051 rta
272 4996 395 5051 edisserit
409 5000 473 5067 (Lib.
489 5004 581 5053 contre
600 5000 767 5056 rrrcrulruiuru
789 5017 849 5072 cup.
867 5006 929 5071 lt):

132 5068 209 5136 Qtruel
232 5068 361 5137 scriptum
382 5074 420 5122 est
441 5069 504 5122 bruc
520 5074 604 5124 Deion
621 5073 713 5138 secisse
732 5090 792 5128 eitra
812 5074 930 5131 ltetrae's

130 5140 325 5203 obstetricibus,
342 5144 366 5193 ct
384 5155 443 5193 curu
462 5140 539 5195 ltuerb
560 5142 763 5199 lliericbuntirer
780 5148 928 5210 meretrice,

130 5227 183 5267 reon
192 5212 252 5267 ideo
264 5212 369 5277 Iustum
381 5214 420 5265 est
432 5214 497 5281 quio
508 5214 625 5268 rrrentitu'
633 5218 705 5277 stent,
716 5215 762 5269 sed
772 5216 837 5283 quic
849 5217 875 5268 iu
884 5216 929 5271 bo·

128 5286 213 5338 reiteres
237 5284 286 5339 Dei
307 5282 488 5337 misericordes
504 5284 627 5349 [erraret.
651 5286 710 5339 Nure
729 5290 768 5340 est
791 5288 883 5355 itaque
901 5288 929 5342 iu

129 5357 166 5409 eis
181 5359 348 5409 retinemento
363 5354 486 5422 fitiierciu,
499 5354 546 5409 sed
560 5354 738 5409 berteurieurtiu
756 5354 929 5426 :benignitus

129 5429 233 5487 riseritis,
254 5444 307 5479 rem
323 5427 454 5497 iniquitas
474 5427 633 5481 rurrrttirrrtr's.
655 5426 730 5482 Sicut
744 5429 815 5482 euim
829 5431 927 5484 ruirmn

129 5494 329 5566 absurdumque
337 5502 467 5563 iuteresse,
474 5498 499 5552 si
504 5498 558 5552 ulio
564 5499 647 5568 prins
660 5502 775 5569 ternpore
788 5502 927 5558 retrusisse

128 5564 162 5617 ub
171 5566 208 5617 eis
218 5567 310 5633 ulique
319 5584 398 5637 rqiero
407 5569 555 5625 rrrerlulteus
566 5574 677 5639 propter
685 5574 834 5640 posteriore
846 5590 927 5643 mimu-

129 5634 196 5688 bouu
210 5636 283 5689 uellet
297 5641 426 5704 r'qrroseere
439 5659 447 5693 r
461 5642 498 5694 itu
508 5642 662 5696 inicornium
675 5658 727 5697 riou
739 5648 777 5698 est
790 5645 863 5711 qrrod
875 5660 926 5699 uren

127 5710 253 5776 ternpore,
266 5707 295 5758 in
310 5723 361 5761 erue
376 5726 457 5764 cuusu.
467 5714 536 5767 llrus
550 5716 692 5781 uirumque
708 5716 880 5783 conspiciens,
897 5716 926 5769 id

125 5782 174 5840 cst,
194 5780 297 5846 strettun
318 5779 533 5848 irriserit-orditer,
550 5783 705 5852 teretiusque
722 5784 874 5851 fallaciter,
900 5792 925 5843 ct

985 4865 1124 4933 :l'truequirl
1135 4868 1202 4920 beau
1210 4866 1311 4935 indiget
1323 4868 1460 4922 ure-reducto
1471 4870 1732 4937 tauretunensis?
1743 4870 1784 4923 lte

985 4933 1104 4989 clamant
1120 4936 1167 4992 SS.
1182 4938 1287 5003 Patres,
1301 4953 1370 5008 quos
1384 4953 1466 5009 supra
1488 4940 1641 5019 citavimus
1665 4941 1737 5011 ,sequ
1751 4944 1782 4999 8)-

1021 4992 1034 5035 ‘¹
1056 5008 1176 5077 ltesprcrt
1187 5006 1311 5077 esenrpla
1330 5008 1407 5064 Raab
1420 5016 1447 5065 et
1460 5008 1572 5077 Dalilae,
1589 5012 1716 5083 superius
1728 5008 1787 5065 alle-

985 5083 1057 5145 gata.
1081 5080 1117 5133 nt
1137 5078 1170 5134 de
1191 5077 1268 5134 Raab
1290 5079 1370 5151 longe
1388 5078 1468 5135 aliter
1493 5081 1629 5153 praedicat
1655 5078 1787 5155 apostolus

987 5148 1084 5205 l’aulus
1100 5168 1106 5203 :
1122 5152 1187 5205 Fide
1201 5150 1274 5206 lterub
1290 5153 1421 5207 ureretrie
1431 5168 1482 5208 nou
1493 5154 1583 5223 periit
1594 5170 1656 5209 eum
1670 5152 1786 5209 ineredu-

985 5218 1028 5300 lis,
1045 5222 1177 5300 arripiens
1192 5222 1372 5293 erpioratorrs
1383 5240 1442 5279 curu
1453 5236 1521 5295 poce
1537 5226 1634 5289 (llebr.
1651 5230 1707 5295 xij.
1719 5222 1786 5281 fide.

986 5305 1013 5343 ru
1035 5299 1084 5355 nrt,
1099 5307 1153 5347 nou
1168 5293 1311 5350 mendacio
1328 5314 1334 5349 :
1352 5302 1380 5350 ct
1390 5294 1444 5353 lide
1456 5311 1512 5352 nou
1526 5294 1596 5353 licta
1610 5304 1661 5354 aut
1675 5304 1787 5355 mortua.

984 5306 1033 5415 sed
1055 5359 1113 5415 vira
1132 5368 1160 5442 ct
1173 5378 1222 5434 per
1238 5364 1399 5422 charitatem
1415 5374 1560 5439 operante,
1580 5377 1613 5425 ut
1631 5369 1750 5441 explieat
1761 5366 1788 5421 ll.

982 5430 1103 5488 lacobus
1112 5429 1204 5490 dicens
1217 5454 1226 5490 .·
1238 5438 1400 5493 Sinriiiteret
1412 5438 1490 5495 lleub
1502 5442 1650 5506 meretrie,
1664 5452 1788 5495 recurrere

981 5504 1105 5583 operibus
1121 5504 1272 5576 justifiurtu
1287 5512 1324 5563 est
1344 5512 1491 5581 suscipiens
1506 5514 1620 5567 rrurrties
1635 5516 1662 5567 et
1676 5510 1735 5565 ulie
1750 5512 1790 5563 eiu

981 5577 1088 5644 epiricus
1103 5578 1200 5642 (trreob.
1218 5579 1375 5645 rr)?1)alilu
1396 5595 1462 5639 vero
1477 5584 1625 5641 &timonis
1640 5598 1717 5639 uxor
1734 5594 1789 5637 uon

981 5646 1016 5727 ab
1030 5647 1152 5728 ueritatis
1166 5647 1375 5721 contessionem,
1396 5651 1444 5711 sed
1462 5652 1498 5709 ob
1520 5654 1706 5727 perfidiosam
1725 5668 1788 5711 con-

976 5732 1052 5790 Jugrs
1069 5719 1252 5791 proditionem
1267 5722 1294 5777 iu
1308 5737 1406 5781 manus
1421 5722 1554 5797 bostium,
1567 5736 1717 5801 peccatum
1730 5740 1786 5801 pst·

980 5799 1068 5859 petum
1083 5791 1179 5849 mortis
1191 5791 1303 5850 incurrit
1314 5792 1409 5867 (tuelle.
1424 5794 1502 5867 xvi).
