3848 6158
109 246 158 299 ΩΙ

396 243 441 298 ne
458 201 697 301 connomonux
716 245 836 303 tusrn.
856 246 920 303 tte.
941 249 996 304 xn.
1016 278 1051 291 -
1071 249 1115 304 ne
1134 249 1269 307 sexano
1288 251 1478 310 surennrn.

1712 261 1764 316 tte

108 365 249 422 ³ultimus
265 365 301 422 sit
314 367 342 421 in
362 367 494 424 condictu
513 369 653 437 vitiorum,
676 380 755 441 atque
769 372 795 427 iu
816 372 912 429 ordine
929 376 1027 439 Amos
1039 376 1261 443 est3saerissima
1269 378 1606 450 etsuperiorihuseunotis
1616 381 1765 439 immanior

108 469 233 533 ponatur
251 468 402 529 extremus,
421 456 435 493 ¹³
450 462 554 535 origiue
566 471 658 520 umen
673 472 700 520 et
715 472 840 536 tempore
853 466 911 538 pri-

966 468 1063 535 bestia,
1083 468 1216 540 perlectos
1239 471 1358 528 maxime
1381 481 1498 544 tentans,
1514 482 1541 531 et
1563 475 1764 548 propemodum

588 705 592 713 Ι
663 625 789 680 dedunt
810 627 921 682 GAZAEl
941 626 1220 687 COMMENTARIUS.

110 769 184 821 mino
201 766 332 835 glorietur
352 767 375 836 (i
391 767 480 822 Corirr.
496 765 566 836 tl.Et
589 766 653 823 alibi
668 767 702 823 dc
720 768 815 826 divinis
834 784 916 840 agens

110 836 327 894 revelationibus
364 839 399 902 (ll
425 838 511 894 Corin.
545 853 595 894 ιιι
611 844 639 907 ):
669 842 721 894 Pro
752 840 914 909 linirrsruodi,

110 909 211 979 inquit,
227 909 381 977 gloriabor:
399 925 450 978 pro
469 915 612 964 mediatem
629 911 709 978 nihil,
724 913 779 966 uisi
792 914 821 967 iu
837 915 916 983 iufir-

110 980 256 1035 mitetidus
271 982 346 1035 metir.
359 981 482 1035 Rursum
496 988 609 1052 propter
630 981 748 1036 aliorum
771 982 915 1039 utilitatem

111 1066 179 1107 suos
195 1050 289 1107 laudes
306 1066 546 1107 commemorans:
566 1055 663 1107 Faetus
686 1069 753 1116 sum,
777 1053 824 1119 ait,
848 1057 915 1108 inst·

107 1125 189 1194 pieus
202 1122 316 1190 (scilieet
326 1122 377 1178 ista
392 1138 454 1194 qnae
467 1137 562 1193 passus
573 1138 634 1178 sum
650 1124 914 1195 commemorando),

109 1210 156 1250 om
168 1210 210 1249 me
223 1196 355 1263 coepistis.
371 1197 428 1262 Epo
440 1195 539 1249 euobis
553 1194 633 1249 debui
641 1196 836 1262 commertium,
846 1197 916 1251 nihil

110 1269 182 1320 euim
189 1267 278 1319 minus
291 1267 338 1333 fui
348 1265 382 1318 alr
396 1267 429 1319 iis
441 1267 488 1334 qui
502 1269 563 1318 errat
573 1282 657 1335 supra
671 1267 779 1320 modurn
790 1267 913 1336 apostoli,

111 1339 219 1392 temetsi
231 1338 301 1390 nihil
313 1353 381 1391 sunt.
393 1337 487 1406 ltaque
499 1337 610 1391 studere
620 1337 700 1392 bonae
715 1336 795 1392 lantae
807 1338 915 1394 etlaudi

110 1407 242 1480 proprior,
263 1407 305 1462 bis
323 1407 357 1463 dc
376 1407 475 1474 causis,
497 1407 633 1477 superbire
660 1408 757 1464 titium
786 1423 840 1463 non
863 1417 912 1464 est.

110 1481 219 1536 Rursus
232 1492 321 1549 neque
334 1477 459 1548 superbia
472 1485 607 1544 censetur,
623 1494 686 1533 cum
702 1479 764 1549 quis
776 1479 914 1550 propriam

111 1548 300 1605 excellentiam
323 1548 440 1604 inbono
459 1548 617 1605 desiderat:
643 1557 673 1603 ut
687 1549 800 1620 flagrare
819 1565 915 1608 amore

112 1620 222 1677 virtutis
243 1629 271 1676 et
282 1619 453 1684 eruditionis,
470 1634 623 1690 rupemque
646 1619 802 1692 inutraque
822 1622 915 1678 exeol-

111 1693 179 1757 lere‚
194 1691 217 1747 si
238 1699 330 1748 tomen
343 1690 433 1747 media
449 1690 493 1746 bie
507 1690 593 1762 magis
622 1707 686 1746 narn
701 1692 781 1746 baem
796 1700 911 1763 expetat,

111 1762 139 1819 id
169 1770 222 1828 est,
247 1762 362 1818 virtutes
388 1762 459 1832 ipsas
484 1771 510 1816 ot
535 1761 612 1817 lauda
634 1762 696 1817 ilem
719 1761 911 1829 eruditionem,

111 1833 197 1906 nragis
207 1849 288 1906 quam
298 1833 412 1905 gloriam
425 1830 579 1888 etlaudem.
591 1833 641 1887 llic
653 1833 727 1888 enirn
739 1848 818 1889 antor
827 1833 913 1890 landis

111 1905 281 1961 inordinatus
299 1904 387 1960 adbne
409 1920 465 1959 non
485 1913 536 1967 est,
558 1920 620 1959 enm
645 1904 680 1960 ad
700 1904 769 1960 bane
789 1905 914 1963 hortetur

111 1976 329 2044 Apostoluszlle
351 1980 454 2036 cetero,
484 1975 581 2045 iuquit,
606 1976 716 2043 fratres,
744 1993 915 2047 quecumque

968 771 1178 843 reprehenditur
1198 775 1243 831 ille
1264 775 1416 833 Pharisaeus
1431 777 1476 849 qui
1492 781 1532 844 (ut
1546 778 1585 834 ait
1605 778 1768 850 Gregorius)

969 846 1067 900 ideireo
1081 847 1113 902 de
1125 849 1222 917 teurplo
1236 848 1335 917 ubsque
1344 850 1536 919 justificatione
1546 851 1690 912 deseendit,
1701 854 1766 920 quie

970 915 1096 971 donorum
1119 934 1228 988 operum
1251 922 1375 974 rnert'turrt
1403 923 1466 983 sibi,
1494 924 1573 990 quusi
1590 922 1767 990 sirrpuluriter

970 988 1097 1050 trt'btterrs,
1122 992 1212 1043 erunti
1224 990 1365 1059 publicano
1378 1007 1405 1045 se
1413 993 1537 1062 pttetulit
1552 993 1638 1062 (Luce
1660 994 1764 1059 xvrtt).

969 1057 1037 1113 Vide
1058 1060 1135 1129 plura
1156 1059 1227 1130 apud
1249 1062 1278 1114 S.
1302 1059 1449 1117 Tbontam.
1465 1065 1506 1118 De
1527 1062 1658 1134 gradibus
1672 1071 1764 1119 autem

969 1131 1105 1199 superbiae
1118 1130 1225 1186 dicetur
1240 1129 1309 1185 infra
1325 1132 1401 1201 (Gap.
1414 1133 1469 1201 25).

1005 1209 1016 1232 ¹¹
1031 1200 1090 1268 Qua
1104 1201 1211 1257 ratione
1226 1200 1355 1256 morbum
1370 1203 1506 1283 superbier
1522 1203 1651 1260 ultimum
1664 1206 1774 1281 incon,

970 1268 1045 1325 llietu
1059 1271 1188 1327 vitiorum
1204 1271 1326 1343 posuerit
1338 1275 1493 1340 (tustanus
1508 1273 1615 1329 dietum
1632 1283 1673 1329 est
1687 1291 1765 1347 supe·

968 1341 1035 1409 rius,
1056 1349 1082 1396 et
1098 1343 1152 1413 ipso
1166 1343 1255 1399 verbis
1271 1343 1350 1413 paulo
1366 1353 1428 1415 post
1443 1344 1617 1415 sequentibus
1634 1345 1764 1408 insinuat,

968 1411 1030 1481 utria
1045 1416 1202 1476 seer‘ssirnu,
1222 1420 1247 1469 ct
1261 1418 1360 1470 mittetis
1373 1418 1554 1485 superioribus
1571 1419 1714 1470 intruerrmr·
1729 1423 1767 1471 est

970 1483 1063 1547 bestia,
1078 1489 1210 1553 perfectos
1227 1488 1345 1541 mammo
1365 1490 1480 1555 tenturus,
1504 1496 1557 1543 ete.
1576 1487 1683 1543 Dicitur
1702 1502 1766 1543 ero

968 1554 1097 1625 superbia
1118 1557 1233 1613 morbus
1251 1557 1375 1620 ultimus,
1397 1559 1460 1639 quia
1483 1559 1580 1615 ultimo
1594 1567 1621 1613 et
1641 1566 1701 1629 post
1715 1502 1766 1615 nita

969 1626 1063 1681 omnia
1077 1626 1141 1682 vitia
1156 1635 1310 1698 superatur,
1327 1627 1489 1684 diihcrllime
1502 1645 1532 1684 ex
1553 1637 1669 1701 ngnatur
1683 1630 1766 1685 otiam

968 1711 981 1750 a
1000 1697 1139 1767 perlectis,
1151 1714 1220 1770 quos
1231 1699 1352 1754 manime
1362 1700 1515 1771 impugnat.
1530 1646 1611 1771 (guod
1629 1701 1766 1771 eleganter

967 1768 1001 1820 D.
1028 1768 1143 1840 Prosper
1167 1771 1234 1833 (Lr‘lr.
1255 1772 1408 1839 ltprimum.)
1431 1779 1491 1825 tum
1506 1787 1596 1842 prosa,
1619 1779 1679 1827 turn
1703 1788 1766 1826 oar·

967 1837 1041 1893 mine
1055 1840 1189 1909 expressit
1206 1841 1233 1895 in
1252 1840 1326 1896 bunc
1344 1841 1479 1897 modum:
1496 1844 1552 1910 Quo
1563 1845 1682 1913 primaru
1700 1845 1767 1897 nitio

966 1915 1108 1979 srtperatus
1125 1917 1164 1965 est
1183 1912 1269 1978 horreo,
1292 1913 1339 1967 hoe
1359 1915 1484 1967 ultt'rrruru
1504 1917 1596 1969 trirreit.
1613 1915 1678 1970 Cum
1696 1917 1766 1968 enirn

967 1983 1057 2034 omniu
1068 1987 1178 2050 peceato
1194 1987 1371 2052 expunxerit,
1383 1989 1472 2038 ruuuet
1483 1987 1644 2055 peru‘rrtlurrr,
1658 2003 1689 2040 ne
1705 1988 1766 2040 berre

110 2052 175 2102 suut
184 2063 257 2111 cera,
267 2063 440 2116 quecumque
449 2047 549 2116 perdica
564 2054 824 2128 quemmquerastu,
836 2065 950 2141 perte-B
966 2053 1021 2106 sihi
1033 2068 1106 2107 meus
1124 2057 1237 2115 ronseiu,
1254 2056 1281 2106 in
1300 2070 1327 2108 se
1341 2057 1431 2124 potius
1451 2072 1533 2126 pruna
1546 2060 1575 2110 iu
1584 2059 1697 2112 Domino
1711 2058 1767 2125 plo-

110 2123 225 2189 cumque
251 2123 354 2181 sueretu,
385 2133 557 2187 quecumque
578 2119 717 2182 torredella,
742 2135 912 2191 quecumque
967 2125 1062 2178 rtet-ter.

113 2191 190 2244 boue
210 2192 302 2256 saure,
321 2191 346 2244 si
358 2206 411 2258 qua
432 2191 526 2248 uirtus,
541 2191 567 2242 si
583 2190 709 2258 prunidus,
727 2191 782 2244 heac
797 2194 913 2260 capituto

113 2260 227 2331 (Philip.
245 2263 297 2329 tx).
318 2262 353 2315 Et
368 2275 478 2315 rursus:
496 2263 597 2314 llonunr
609 2264 665 2328 fac,
681 2267 707 2315 et
729 2262 834 2316 irridebis
849 2262 913 2316 luu-

114 2332 177 2385 deru
188 2347 222 2385 eu
231 2333 280 2385 illa
288 2333 369 2402 (ltoru
376 2332 595 2402 xrn),potestate
602 2331 705 2386 scilieet
714 2331 840 2387 humana.
849 2336 912 2388 lton

112 2402 189 2456 eninr
208 2402 297 2457 solum
311 2401 430 2458 suturam
454 2402 528 2458 illanr
553 2402 690 2474 proponit,
714 2403 748 2458 de
772 2419 826 2474 qua
846 2403 910 2459 alibi

111 2472 193 2528 dicit:
222 2475 292 2528 Τιιιιε
306 2474 364 2529 laus
387 2475 437 2528 erit
457 2476 599 2543 animique
614 2474 729 2545 obruti
749 2475 837 2530 Corin.
853 2478 908 2542 xx).

147 2545 231 2599 Extra
251 2543 302 2600 bos
312 2560 392 2600 casus
406 2545 520 2616 propriu
534 2544 696 2600 excellentiae
713 2560 791 2600 amor
806 2545 910 2601 inordi-

110 2623 191 2670 nttus
205 2615 267 2684 erit,
287 2615 402 2688 ideoque
420 2615 553 2687 superbiae
569 2631 671 2671 nomen
688 2615 808 2686 accipiet.
830 2617 911 2688 Quod

111 2685 223 2757 quidem
240 2692 309 2758 quot
326 2687 416 2742 modis
431 2687 485 2754 bat,
501 2703 574 2742 nune
588 2686 721 2742 dicemus.
737 2689 913 2743 Enumeran-

996 2232 1051 2287 Qna
1059 2228 1167 2292 primunr
1176 2230 1199 2278 in
1207 2232 1312 2278 mortem
1321 2233 1359 2279 ost
1369 2229 1444 2278 horno
1455 2229 1542 2292 pulsus
1556 2229 1643 2280 froude
1655 2229 1763 2292 maligni,

1028 2294 1096 2339 lianc
1109 2291 1144 2339 illi
1157 2296 1297 2340 extremum
1309 2292 1373 2340 bella
1386 2296 1484 2354 peraeta
1499 2294 1607 2342 movent.

995 2352 1119 2402 sublimes
1129 2357 1158 2401 ut
1168 2366 1224 2402 eum
1237 2355 1340 2415 palmas,
1353 2354 1481 2416 clarasque
1492 2368 1596 2403 coronas

1028 2415 1173 2478 sumpserit,
1185 2419 1261 2478 atque
1273 2417 1369 2466 bostem
1381 2417 1518 2466 subdiderit
1526 2417 1639 2480 pedibus,

997 2478 1086 2526 Virtuti
1105 2478 1210 2540 propriae
1221 2479 1280 2527 velit
1297 2479 1421 2540 assignare
1438 2479 1608 2541 triumpbum;

1031 2541 1084 2588 lton
1094 2540 1208 2601 Domino,
1225 2539 1297 2600 eujus
1311 2554 1400 2590 munus
1411 2555 1522 2605 opusque
1540 2542 1594 2591 tuit.

998 2604 1025 2650 ln
1041 2615 1090 2662 qno
1101 2616 1150 2649 uno
1161 2616 1257 2664 semper
1270 2607 1370 2665 superat
1382 2604 1481 2713 Tuum
1495 2605 1653 2665 superatur:¹

1030 2665 1086 2719 Quo
1097 2664 1211 2724 dignante
1226 2677 1326 2713 ananum
1337 2665 1383 2713 sub
1401 2678 1451 2726 ere,
1466 2679 1539 2715 nemo
1551 2666 1625 2716 eadit.

110 2765 158 2812 tur
170 2765 400 2814 auterrraeourato
413 2773 428 2814 a
443 2761 477 2814 D.
494 2758 624 2830 Gregorio
639 2759 747 2824 (Mor-ul.
765 2759 811 2812 tte.
829 2774 912 2815 xxtxr
968 2759 1088 2815 lsldorus
1103 2759 1149 2814 lib.
1162 2774 1185 2814 ιι
1197 2759 1230 2814 de
1243 2763 1358 2816 Summo
1370 2764 1446 2816 Bono
1458 2764 1533 2832 (Cup.
1549 2763 1592 2832 38)
1603 2758 1765 2832 :‘Supcrbie,

110 2845 172 2898 cup.
192 2830 230 2899 7),
246 2844 328 2900 quern
343 2844 439 2884 omnes
455 2839 549 2900 postea
563 2829 718 2885 scholastici
734 2828 820 2884 secuti
836 2838 909 2885 sunt.
967 2831 1070 2902 inquit,
1080 2834 1234 2900 sieutoripo
1246 2836 1414 2887 estonnriurn
1425 2836 1580 2900 cuminum,
1591 2836 1768 2890 itu-ruriruest

112 2901 246 2967 Quotuor,
264 2900 361 2972 inquit,
375 2906 438 2955 sunt
460 2903 567 2971 specus,
590 2902 687 2970 quibus
712 2903 797 2955 onrnis
823 2904 913 2956 tumor
967 2905 1086 2958 orrrrtiuru
1099 2904 1767 2975 cirtutrtrrr3ipsuesterriruinpretectopriruo,ipsu

111 2974 303 3041 arrogantium
317 2973 528 3027 dernorrstrutnr:
542 2989 599 3027 euru
614 2973 708 3027 burrum
723 2977 772 3026 uut
786 2989 802 3026 u
817 2977 913 3027 struet·
967 2976 1543 3046 irruendietupostrcmu.11meenirnpriruu
1557 2981 1605 3030 uut
1616 2978 1646 3029 in
1658 2978 1767 3030 ceordic

111 3044 179 3112 ipsis
199 3045 296 3098 hethere
313 3060 340 3098 se
358 3046 508 3105 astruant:
523 3049 570 3097 eut
584 3047 610 3097 si
622 3045 675 3098 sibi
692 3044 786 3098 <lutum
800 3044 914 3114 desuper
967 3050 1079 3099 retentem
1088 3049 1278 3114 perpetratum
1290 3050 1447 3116 prosternit,
1463 3053 1512 3101 unt
1523 3049 1664 3101 trucissime
1677 3048 1768 3101 cletir-

112 3114 237 3175 creduut,
251 3131 300 3184 pro
316 3117 371 3168 suis
383 3131 409 3169 se
424 3116 470 3168 hoc
484 3117 611 3184 ιιειιρίεεε
625 3117 728 3168 moritis
741 3119 850 3183 putent,
865 3119 913 3169 out
967 3116 1179 3185 tutibnstlejieit.
1189 3117 1284 3172 ludeet
1293 3120 1411 3172 omniurn
1416 3122 1583 3187 peccatorum
1590 3121 1766 3179 temerariae,

113 3191 184 3239 certe
206 3202 264 3240 eum
279 3186 388 3254 jurtttrrt
409 3200 436 3239 se
457 3186 552 3240 trudere
567 3186 639 3254 quod
657 3201 709 3239 uorr
732 3186 840 3248 hebent,
865 3191 914 3240 eut
966 3188 1767 3260 quietutrrperoirtutesquiturpertitinbumurtamrrterrtem

115 3255 246 3324 despectis
263 3247 549 3325 oeteru'ssiripuloriter
563 3257 653 3310 uideri
672 3261 802 3326 appetunt
818 3256 914 3311 trabere
966 3261 1138 3314 euterrninut.
1733 3322 1736 3329 ¹

113 3327 303 3396 quodholreut.
320 3329 360 3383 lta
377 3326 533 3452 Gregorius.
551 3325 642 3383 Prima
665 3342 729 3397 ergo
743 3325 847 3397 speeies
865 3341 914 3381 su·
1001 3322 1116 3394 bllam,
1138 3337 1168 3383 nt
1191 3329 1229 3384 ait
1250 3328 1454 3385 Ecclesiasticus
1479 3330 1553 3400 (terp.
1579 3329 1631 3392 xl:
1655 3332 1767 3384 lrn'tr'um

113 3397 218 3468 perbire
235 3407 276 3454 est
294 3399 400 3454 bonum
420 3397 528 3468 aiquod
547 3413 594 3454 seu
611 3395 710 3453 animae
724 3412 772 3453 seu
791 3398 914 3468 eorporis
967 3402 1052 3454 nrrruis
1065 3402 1169 3469 preteeti
1185 3402 1320 3471 super-luit.
1337 3403 1372 3455 Et
1389 3400 1490 3455 'lobias
1505 3416 1565 3471 cap.
1587 3416 1638 3455 tv:
1658 3404 1688 3455 ln
1708 3404 1767 3470 *r'prsu

113 3468 166 3523 sibi
182 3468 232 3524 soli
245 3469 373 3535 tribuere,
384 3485 439 3524 non
454 3471 513 3524 Deo
526 3477 668 3541 acceptum
685 3465 796 3524 reterre.
813 3469 914 3525 Contra
932 3486 954 3549 ρ
967 3473 1076 3525 r'nitiurrr
1089 3473 1202 3540 sumpsit
1213 3475 1297 3526 orneris
1309 3472 1435 3541 perditio.
1448 3471 1557 3527 Dicitur
1570 3479 1661 3527 autem
1674 3487 1769 3543 strper-

115 3538 343 3611 bancxpostotns
354 3561 359 3594 :
371 3542 914 3611 Quidhulresquodnenacoemetitsiou·
970 3542 1013 3596 bia
1028 3542 1137 3597 initium
1157 3543 1247 3598 omnis
1269 3543 1382 3615 peccati,
1402 3541 1502 3610 duplici
1517 3543 1640 3598 ratione:
1662 3549 1689 3596 1⁰
1704 3543 1766 3624 quia

115 3616 170 3665 tem
179 3615 311 3683 occepisti,
320 3614 386 3682 quid
393 3614 614 3684 plurimisquusi
623 3629 676 3668 nou
687 3613 817 3684 acceperis
826 3611 845 3682 (l
854 3613 912 3669 Cor.
969 3622 1026 3669 tam
1041 3613 1068 3668 in
1084 3613 1188 3739 angelis
1199 3630 1281 3685 quam
1299 3613 1326 3668 in
1336 3613 1495 3670 bominibus
1510 3613 1628 3683 primum
1641 3629 1766 3669 omnium

117 3682 157 3752 xv)
169 3685 183 3736 ?
195 3685 261 3739 llaeo
275 3683 325 3740 tuit
340 3683 441 3740 diaboti
455 3685 590 3755 superbio,
606 3700 659 3756 qna
672 3684 757 3740 voluit
768 3683 797 3738 in
816 3684 915 3740 caelurn

115 3754 271 3822 ascendere,
299 3762 328 3810 et
349 3755 443 3811 similis
468 3771 527 3812 esse
546 3756 698 3813 ditissimo.
729 3755 801 3810 Talis
819 3754 915 3815 ,etiam

115 3823 243 3896 superbia
258 3842 355 3882 eorum
367 3825 511 3882 bominum
525 3827 613 3897 quise
627 3842 676 3895 pro
687 3825 738 3881 diis
752 3825 805 3881 coli
819 3826 914 3882 volue-

115 3905 192 3962 runt,
220 3905 250 3953 nt
275 3897 431 3953 Alexander
456 3898 579 3964 blaeedo,
608 3895 863 3952 Nabuchodonozor
887 3895 914 3951 in

114 3967 275 4038 Babylonia,
300 3969 425 4024 Herodes
448 3967 476 4022 in
490 3965 597 4031 iudaea,
623 3973 650 4018 et
675 3964 736 4043 alii·
750 3966 912 4035 complures.

115 4037 210 4094 Altera
233 4040 368 4111 superbiae
391 4037 494 4107 species
514 4042 568 4100 est,
591 4032 671 4089 fateri
691 4032 802 4103 quidem
826 4037 916 4091 aDeo

113 4108 187 4164 bona
209 4126 268 4167 esse
288 4125 348 4191 qum
374 4106 543 4188 accepimus3
567 4112 594 4159 et
621 4111 714 4159 tamen
735 4101 774 4158 sio
795 4102 868 4171 data,
885 4113 916 4160 ut

113 4181 219 4237 nostris
237 4181 353 4245 mentis,
369 4178 463 4234 studixs
479 4184 505 4232 et
524 4174 662 4232 laboribus
676 4181 806 4247 putemus
824 4174 915 4247 acqui·

112 4251 179 4308 sita.
207 4253 309 4306 Contra
331 4265 414 4320 quam
435 4246 590 4319 superbiam
619 4245 769 4318 Apostolus
793 4245 913 4302 elamat:

111 4325 175 4381 Il'on
197 4338 231 4374 ear
250 4323 332 4388 cotta,
353 4338 406 4376 uon
419 4336 452 4375 etr
465 4320 597 4390 operibm,
617 4323 648 4374 ut
663 4320 770 4388 nequis
786 4319 916 4387 glorietur

114 4393 225 4466 (Eprius.
243 4393 288 4461 xx).
307 4395 338 4447 Et
355 4400 431 4449 vetus
448 4391 607 4463 Scriptura:
624 4391 692 4448 Vide
705 4390 914 4446 neoblioiscuris

118 4466 229 4520 Domini
244 4468 294 4519 Dei
306 4467 362 4529 tui;
383 4471 409 4520 et
426 4468 571 4534 postquam
589 4463 740 4525 comederis,
762 4463 914 4518 etsotiutus

114 4538 213 4604 trieris,
229 4538 345 4592 elevetur
355 4552 399 4591 eor·
411 4540 496 4598 tuum,
511 4540 537 4590 et
547 4535 620 4589 diem
639 4536 668 4589 iu
680 4535 757 4588 eorde
771 4538 816 4588 tuo
827 4551 834 4588 ε
847 4536 914 4590 For·

116 4608 205 4662 titudo
226 4623 294 4671 naeu,
315 4612 341 4662 et
366 4609 447 4662 ratur
469 4621 565 4661 murreus
587 4620 652 4660 aree
674 4605 728 4659 heo
743 4606 813 4659 mihi
825 4605 915 4659 onmia

116 4681 299 4749 prestiterunt
320 4683 457 4744 (Deutero.
486 4674 571 4746 vxtxl.
586 4675 660 4730 Talis
673 4682 731 4730 erat
744 4675 835 4742 Ozias,
856 4675 913 4732 sire

117 4750 232 4805 azarias
241 4766 299 4814 rex,
310 4753 359 4819 qui
367 4767 424 4805 eum
436 4749 576 4804 roboratus
588 4751 664 4812 esset,
679 4746 809 4801 eleouturn
822 4750 914 4801 osteor

118 4821 188 4891 ejus,
203 4826 228 4876 et
241 4824 358 4890 repleuit
375 4823 517 4878 Durniuum
538 4821 621 4873 Derim
640 4832 718 4872 suum
737 4819 764 4883 (t
784 4820 850 4897 lieu.
866 4830 912 4880 xv,

118 4897 144 4946 et
158 4893 181 4945 ll
198 4894 288 4946 Paret.
306 4895 403 4957 xxxx),
418 4901 470 4947 ete.
484 4893 524 4945 Ex
538 4887 684 4945 haeetiam
695 4887 820 4959 superbla
835 4887 914 4943 Pela-

969 3691 1110 3756 peccatum
1135 3685 1175 3740 uit
1194 3684 1330 3757 superbia,
1345 3694 1375 3740 ut
1388 3683 1458 3740 inira
1472 3685 1649 3753 ostendetur;
1660 3691 1690 3739 2⁰
1704 3685 1767 3756 qnia

969 3772 1001 3811 cx
1022 3755 1157 3827 superbia,
1176 3764 1318 3827 tamquam
1338 3772 1371 3812 ex
1396 3754 1472 3812 toute
1495 3763 1523 3811 ot
1545 3756 1648 3837 origine
1675 3755 1768 3810 omnia

969 3835 1142 3898 peecatorum
1157 3843 1255 3898 genera
1277 3834 1440 3909 promanant
1453 3833 1482 3881 et
1503 3833 1663 3881 scaturiunt.
1688 3824 1769 3892 Quod

969 3898 1077 3954 duobus
1099 3898 1190 3955 modis
1211 3898 1354 3969 contingit,
1377 3905 1408 3952 ut
1427 3899 1464 3952 D.
1484 3895 1616 3975 Thomas·
1630 3894 1766 3963 explieat:

969 3968 1059 4038 primo
1079 3967 1194 4033 directe,
1218 3983 1267 4024 seu
1289 3984 1336 4039 per
1360 3984 1398 4029 se,
1426 3975 1560 4038 quatenns
1582 3965 1633 4020 alra
1649 3972 1768 4044 'peecata

969 4038 1131 4094 ordinantur
1145 4040 1179 4094 ad
1197 4038 1281 4094 tinem
1293 4039 1440 4109 superbiae,
1455 4037 1501 4108 qui
1511 4046 1553 4092 est
1564 4051 1672 4107 proprra
1686 4035 1770 4090 excel·

971 4107 1063 4175 lentia,
1078 4107 1112 4163 ad
1133 4124 1214 4179 qnam
1230 4107 1325 4163 reterri
1339 4116 1439 4179 potest,
1460 4116 1488 4160 et
1500 4107 1660 4177 plerumque
1681 4103 1768 4159 reser-

969 4186 1025 4241 tur,
1056 4177 1184 4249 quidquid
1205 4177 1358 4233 inordinate
1383 4176 1532 4248 appetitum
1554 4175 1673 4231 secundo
1696 4175 1767 4231 iudi·

969 4255 1052 4312 reete,
1079 4254 1106 4302 et
1132 4248 1208 4319 quasi
1238 4263 1285 4319 per
1308 4245 1445 4313 accidens,
1472 4247 1575 4303 scilieet
1601 4247 1766 4302 removendo

969 4317 1206 4390 impedimentum,
1226 4318 1292 4375 dum
1307 4317 1392 4373 bomo
1406 4332 1453 4390 per
1471 4318 1627 4389 superbiam
1652 4319 1710 4389 lege
1724 4316 1767 4372 di·

970 4390 1043 4456 rina,
1073 4406 1120 4461 per
1141 4405 1260 4461 qnama
1287 4397 1398 4461 peccato
1423 4388 1626 4459 prohibebatur,
1652 4391 1767 4460 abjecta,

968 4462 1045 4532 qxrasi
1067 4471 1174 4517 remoto
1194 4461 1272 4518 obice
1289 4477 1321 4517 ae
1333 4461 1473 4532 repagulo,
1491 4476 1593 4533 pronus
1609 4468 1637 4515 et
1648 4475 1768 4531 praeceps

968 4533 995 4587 in
1006 4548 1087 4588 omne
1102 4541 1244 4605 peceatum
1261 4532 1328 4598 ruit,
1339 4531 1489 4588 secundum
1502 4531 1568 4589 illud
1585 4532 1710 4587 Jeremiae
1724 4546 1766 4587 ιιι

968 4606 1130 4674 Garrirepisti
1136 4606 1244 4675 jugurro,
1258 4606 1360 4675 rupisti
1377 4605 1500 4671 eirrculu;
1514 4606 1620 4666 dr'acisti,
1636 4607 1693 4661 Nora
1711 4618 1769 4658 ser·

966 4678 1048 4731 etium.
1066 4679 1125 4746 Qua
1139 4677 1245 4732 ratione
1257 4676 1355 4731 dicitur
1369 4690 1450 4730 omne
1464 4684 1604 4746 peecatum
1625 4674 1767 4728 continere

967 4748 1077 4803 tacitam
1093 4748 1261 4819 snperbiam,
1271 4754 1458 4816 contemptum
1471 4747 1520 4800 Dei
1532 4745 1768 4814 interpretativum

968 4818 1029 4874 lieet
1051 4834 1108 4873 non
1125 4819 1217 4873 omnia
1241 4826 1350 4888 peccata
1374 4832 1404 4871 ex
1428 4822 1587 4885 contemptu
1612 4813 1718 4871 tornrali
1741 4821 1769 4869 et

968 4903 1096 4959 expresso
1118 4887 1342 4948 committanturr
1365 4885 1414 4941 sed
1428 4886 1479 4941 alia
1498 4901 1531 4940 ex
1554 4884 1715 4955 ignorantia,
1742 4892 1769 4940 et

119 4962 201 5034 glana
230 4961 340 5019 baeresis
362 4962 486 5029 emersit,
509 4968 536 5015 et
563 4958 772 5016 Donatistarum
795 4972 912 5084 guoque.
968 4958 1066 5014 aliuex
1085 4956 1245 5012 infirmitate
1266 4959 1301 5021 (S.
1318 4957 1408 5011 Thou.
1427 4960 1514 5026 1-2q.
1532 4960 1768 5023 retinete-2,

119 5038 221 5090 Contra
236 5050 304 5104 quos
320 5035 420 5104 sepius
440 5038 554 5102 usurpat
567 5029 737 5102 Augustinus
749 5028 796 5083 illu
838 5030 917 5085 lere·
970 5047 996 5099 q.
1011 5033 1073 5095 titt,
1086 5043 1103 5081 e
1116 5032 1146 5093 ις
1159 5031 1208 5083 Leo
1222 5028 1382 5082 hessiuslilr.
1392 5041 1424 5082 tx
1435 5043 1457 5082 e.
1472 5030 1508 5098 t).
1521 5030 1611 5098 Atque
1625 5028 1677 5082 hoo
1687 5041 1767 5082 sensu

119 5105 204 5160 mite:
221 5107 380 5161 Maledictus
403 5107 489 5166 horno,
513 5103 562 5172 qui
576 5100 684 5171 confidit
705 5102 734 5154 iu
757 5101 917 5162 deminuet
969 5097 1158 5169 accipiendum
1181 5096 1248 5153 illud
1268 5101 1303 5153 D.
1328 5099 1471 5169 Prosperi:
1496 5100 1629 5170 Superbia
1651 5099 1769 5151 omnium

116 5180 196 5246 ponit
216 5193 323 5231 curnem
338 5178 476 5231 britolium
495 5189 572 5229 suum
594 5173 698 5241 (ierem.
714 5170 802 5241 xxxx).
827 5170 917 5227 Tertia
967 5174 1135 5241 peccatorum
1154 5169 1265 5224 initium
1281 5173 1329 5232 est,
1353 5175 1379 5225 et
1395 5173 1467 5239 finis,
1484 5176 1509 5225 et
1523 5184 1618 5229 censo:
1633 5169 1700 5236 quin
1714 5182 1768 5221 riou

120 5247 255 5316 superbiae
279 5249 383 5316 speeies
397 5256 448 5310 est,
471 5244 524 5301 sibi
548 5243 695 5300 attribuere
717 5242 821 5297 bonum
843 5240 917 5312 quod
970 5243 1054 5297 solum
1071 5245 1211 5310 peccatum
1226 5245 1265 5295 est
1281 5242 1343 5310 ipsa
1356 5241 1497 5311 superbiu3
1515 5241 1652 5296 sedetiam
1664 5239 1768 5293 nrxllum

140 5319 181 5375 uis
194 5335 249 5374 non
263 5319 355 5386 bab‘et,
370 5326 417 5374 aut
431 5317 522 5372 minus
536 5330 619 5387 quam
636 5314 731 5369 babet.
750 5313 848 5385 Qualis
858 5320 917 5368 erat
967 5317 1104 5384 peccatum
1113 5313 1211 5382 potuit,
1224 5315 1271 5365 eut
1278 5316 1374 5381 potest,
1385 5317 1433 5366 aut
1438 5315 1538 5382 poterit
1546 5327 1600 5366 esse
1608 5312 1666 5367 siue
1674 5327 1767 5380 super·

119 5332 166 5444 dte
179 5391 353 5446 laodicensis
368 5390 521 5460 episcopus,
534 5395 628 5443 eontra
641 5401 722 5457 quem
740 5383 874 5440 Dominus
888 5383 916 5439 in
971 5385 1069 5454 diutile
1080 5384 1326 5452 Vitut'outemplut.
1343 5384 1388 5437 lib.
1402 5399 1418 5436 v
1432 5401 1454 5438 e.
1469 5386 1506 5452 2).
1518 5385 1612 5452 Neque
1626 5382 1666 5438 his
1680 5384 1771 5438 obstat

122 5462 304 5534 Apocalypsi:
326 5463 399 5516 Dicis
419 5460 491 5530 quod
509 5460 581 5514 diors
600 5473 670 5521 sum,
685 5462 710 5512 et
732 5458 916 5526 locupletatus,
970 5456 1045 5582 guod
1057 5457 1069 5509 l
1081 5454 1114 5510 ad
1122 5452 1299 5510 Timotheum
1308 5468 1339 5509 vx
1348 5455 1489 5523 Cupiditas
1499 5455 1580 5509 rudie
1589 5457 1704 5508 ontrrinru
1712 5469 1769 5507 mo-

123 5535 148 5584 et
160 5533 259 5588 nullius
277 5549 351 5602 rpem
366 5537 392 5588 et
402 5533 487 5587 neseis
502 5533 566 5600 puro
575 5535 605 5585 tu
617 5544 644 5584 es
660 5531 751 5592 nriser,
765 5534 790 5583 et
801 5529 917 5583 ιιιιεενα-
981 5543 1056 5582 errem
1068 5529 1212 5592 essentium
1226 5524 1327 5580 dieitur
1341 5525 1413 5580 enim
1425 5525 1537 5580 avaritia
1550 5523 1628 5579 radix
1642 5523 1768 5578 omnium

123 5601 196 5669 tilis,
210 5609 235 5658 et
251 5620 364 5675 pauper,
387 5608 412 5659 et
432 5617 523 5665 cecus,
545 5606 571 5657 et
591 5601 679 5655 nudius
698 5600 820 5669 (Aproni.
844 5600 917 5665 nn?
972 5599 1117 5663 malorum,
1130 5596 1204 5669 qnod
1215 5611 1247 5652 ex
1259 5595 1309 5651 bae
1317 5595 1464 5667 cupiditate
1477 5610 1558 5651 omne
1569 5609 1653 5667 genus
1666 5594 1769 5663 peccati

121 5675 226 5742 Quarta
238 5676 371 5748 superbire
384 5674 488 5746 speeies
502 5679 551 5739 est,
567 5687 643 5738 eum,
655 5670 789 5741 despectis
802 5670 918 5735 eaeteris,
971 5667 1107 5725 committi
1120 5668 1217 5738 possit,
1240 5674 1268 5723 et
1286 5666 1413 5794 pleragne
1434 5668 1524 5738 reipsa
1547 5664 1771 5747 committantur,

122 5743 151 5799 id
165 5745 268 5803 bonnm
283 5745 455 5819 singulariter
472 5743 573 5800 babere
611 5742 666 5799 uod
685 5741 818 5807 babemus
831 5740 918 5797 videri
969 5740 1298 5810 proptereaquoddioitiu
1307 5755 1366 5810 pre
1386 5744 1488 5808 euutop
1508 5739 1721 5814 orturuteteruet
1736 5752 1774 5812 x‹x-

120 5815 260 5890 volumus,
272 5815 450 5891 uosqueindo
463 5815 526 5873 aliis
537 5760 717 5888 perierimus.
732 5813 795 5884 Quo
808 5810 920 5869 nomine
972 5811 1100 5871 edtateru
1116 5811 1291 5884 uutuptedt
1311 5813 1409 5871 otuuio
1430 5754 1574 5869 desiderio
1591 5807 1712 5874 prusti,
1722 5803 1797 5853 seor.
