3848 6158
132 219 200 276 {317
600 209 769 268 contario
789 209 882 267 xxiv.
901 238 938 251 -
956 208 1001 264 ltu
1018 208 1322 268 hoattstcnttotts.
1719 226 1787 283 {318

130 339 261 397 omnihus
282 337 367 411 plagis
396 352 461 394 cum
484 334 616 410 apostolis
638 350 748 409 semper
774 335 928 403 exsultans,
944 334 1052 403 Anima
1066 336 1232 394 contumelia
1244 336 1395 396 mortiferis
1410 338 1587 413 impatientia
1608 344 1707 404 ictibus
1726 350 1786 406 vul·

130 441 208 506 optat
221 440 253 488 ut
265 430 369 504 diguus
381 429 574 503 habeaturpro
589 429 703 487 nornine
714 427 817 486 christi
831 436 931 485 contu·
985 444 1125 500 ueremur,
1135 431 1292 507 dicaturque
1301 433 1382 491 nobis
1391 436 1596 507 periercmiam
1604 441 1784 513 prophetam:

129 525 242 585 melium
254 525 310 598 pati
323 525 423 597 (Actor.
433 523 462 598 tl
475 527 488 580 t
986 526 1289 596 atramentarium
1301 543 1360 583 cum
1371 531 1417 584 aia
1428 532 1674 603 AEpppti,atblbas
1688 553 1786 608 optram

404 618 526 676 CAPUT
554 619 661 675 XXIV.
986 619 1191 677 turbidomils't
1202 637 1272 678 nunc
1286 623 1355 693 quid
1365 623 1417 679 tibi
1423 625 1465 680 ois
1476 640 1535 681 cum
1547 629 1785 704 oiaAsspriorum,

131 712 184 770 Gur
198 728 322 768 amarum
328 712 429 783 jupam
443 715 469 766 et
479 726 561 782 praue
573 726 640 767 onus
652 712 762 768 Domini
774 711 932 766 sentiatur?
986 716 1018 767 ut
1037 713 1112 768 bibas
1127 730 1228 784 aquam
1241 717 1380 784 dominu?
1400 719 1507 788 Arpnct
1520 725 1546 775 te
1562 723 1670 779 malitia
1683 729 1741 799 tua,
1759 734 1785 785 et

167 809 209 865 Ut
216 816 308 863 autem
324 806 406 864 nobis
416 806 569 864 econtrario
586 806 686 880 jugum
698 804 795 864 Christi
805 820 860 862 nou
873 804 931 861 lere
986 807 1090 862 aversio
1100 813 1146 863 tua
1158 810 1308 880 increpabit
1322 816 1357 866 te.
1368 813 1438 869 Scito
1453 813 1548 870 etoide
1559 831 1643 886 quam
1652 820 1788 878 malumst

131 915 183 958 nec
204 916 287 958 suave
304 900 437 968 rideatur,
456 900 637 958 contumaciae
659 908 762 956 nostrae
774 908 815 956 est
832 898 932 971 justius
986 914 1113 954 amarum
1128 905 1167 956 cst
1178 905 1204 957 te
1215 902 1390 974 dereliquisse
1403 908 1545 962 Dominum
1557 912 1641 965 betam
1656 916 1742 977 tuum,
1757 918 1783 970 et

130 993 332 1062 ascribendum,
346 994 392 1067 qui
404 993 555 1052 diffidentia
578 1003 662 1068 atquc
680 993 871 1052 incredulitate
882 993 931 1050 dc·
985 1007 1039 1047 non
1050 1007 1104 1048 esse
1115 995 1236 1050 breuem
1245 1011 1333 1051 meum
1341 998 1416 1068 apud
1424 1003 1458 1067 te,
1470 1001 1537 1055 dicit
1544 1004 1674 1058 Dominus
1682 1008 1785 1073 (laon.

127 1088 192 1159 jecti
206 1097 302 1145 contra
323 1089 395 1146 illius
415 1090 572 1163 imperium,
595 1091 683 1146 immo
697 1089 853 1157 consilium,
884 1088 930 1161 qni
985 1086 1028 1153 u).
1045 1084 1127 1154 Quod
1140 1087 1269 1160 ergojugi
1282 1089 1418 1148 Dominici
1437 1092 1553 1152 mirifica
1564 1097 1686 1153 suavitas
1695 1113 1787 1158 amara

131 1185 189 1241 ait:
205 1187 286 1242 Sitis
301 1187 438 1257 peractus
455 1203 518 1250 esse,
533 1187 611 1249 uado,
631 1187 726 1250 rende,
739 1185 795 1243 sire
812 1184 930 1253 dimitte,
986 1179 1130 1248 sentiatur,
1150 1179 1215 1252 quid
1235 1183 1351 1248 est,uisi
1366 1186 1506 1255 quiscum
1522 1191 1670 1249 aversionis
1684 1202 1787 1251 nostrae

130 1280 760 1352 onniatractantesque-endiadim.mx),
773 1279 863 1351 inepta
874 1293 932 1350 per·
986 1272 1140 1329 amaritudo
1169 1275 1338 1346 corrumpit?
1359 1276 1440 1346 Quod
1461 1277 1545 1335 divini
1561 1283 1654 1338 oneris
1668 1293 1724 1341 tam
1739 1287 1787 1358 ju-

128 1371 256 1430 varsitatc
277 1388 442 1446 pugnamus,
464 1381 638 1430 terrenamm
650 1372 752 1429 scilicet
766 1370 931 1428 facultatum
986 1364 1077 1423 cunda
1088 1364 1184 1422 levitas
1197 1365 1368 1440 ingravescit,
1390 1367 1456 1439 quid
1474 1378 1517 1426 est
1529 1371 1582 1428 uisi
1595 1374 1660 1446 quia
1681 1392 1746 1434 aum
1769 1396 1785 1437 a

130 1466 264 1522 materias
270 1474 455 1538 retentantem
468 1483 584 1540 quarum
601 1483 664 1524 cum
678 1465 795 1523 nexibus
807 1466 932 1522 animum
986 1474 1040 1532 quo
1052 1458 1253 1516 sustinebamur
1268 1462 1424 1518 contumaci
1442 1465 1653 1538 presumptione
1668 1479 1789 1529 contem-

129 1565 255 1615 nostrum
278 1559 404 1618 diabolus
423 1570 516 1619 teneat
541 1560 685 1633 illigatum,
712 1558 781 1633 quid
808 1566 933 1631 superest
985 1552 1091 1620 nimus,
1119 1553 1219 1626 quippe
1243 1569 1307 1610 cum
1340 1553 1478 1612 evidenter
1501 1555 1621 1630 idipsum
1643 1562 1780 1635 Scriptura

127 1650 179 1707 uisi
193 1659 223 1706 ut
236 1667 301 1707 cum
316 1654 432 1709 voluerit
447 1672 500 1711 nos
516 1655 713 1726 aspiritalihus
727 1654 837 1727 gaudiis
851 1667 931 1724 sepa-
985 1655 1112 1716 testetur,
1123 1646 1215 1704 dicem
1229 1666 1236 1704 ²
1251 1649 1344 1707 ”Nam
1355 1652 1562 1708 &ambularem
1572 1656 1683 1712 semitas
1692 1662 1787 1724 reciet,

127 1758 200 1813 rare,
221 1744 380 1800 earumdem
397 1744 635 1802 imminutionem
655 1746 809 1818 privatione
823 1747 931 1803 moesti·
945 1713 971 1776 B
986 1743 1149 1798 inoeouscnt
1161 1744 1255 1813 utique
1268 1746 1376 1798 temnas
1385 1745 1502 1815 insidia
1512 1748 1676 1818 leues(Prou.
1691 1766 1724 1816 11,
1736 1768 1786 1810 seo.
1845 1750 1849 1759 '

130 1837 210 1894 ticet?
223 1838 254 1895 ld
280 1840 395 1896 versutis
412 1838 554 1896 iraudibus
565 1841 721 1908 elaborans,
742 1849 773 1897 ut
786 1857 850 1897 curu
872 1842 932 1915 jugi
986 1834 1073 1905 ΗΧ)
1095 1836 1162 1903 Nos,
1185 1835 1308 1906 inquam,
1330 1852 1383 1894 11⁰8
1404 1851 1461 1895 0⁸⁸0
1475 1837 1653 1898 manifestum
1668 1853 1718 1914 est,
1741 1847 1787 1918 qui

130 1928 200 1986 iltius
219 1931 340 1987 suanias
357 1939 385 1987 et
397 1932 489 1988 anans
502 1930 599 1989 levitas
610 1933 718 1990 vitiosae
736 1934 933 2007 concupiscen-
986 1930 1099 1988 emtus
1112 1930 1225 1988 Domini
1239 1940 1328 1989 rocus
1341 1948 1373 1989 ao
1387 1933 1458 1991 leves
1471 1935 1560 2008 pravis
1571 1936 1702 2011 durisque
1715 1939 1786 1997 desi·

132 2024 178 2081 tiae
189 2025 321 2097 pravitate
335 2025 414 2083 nohis
424 2026 506 2084 luerit
522 2035 678 2100 aggravata,
691 2027 777 2102 ipsius
798 2030 932 2089 facultatis
987 2022 1127 2081 detiorum
1154 2024 1281 2083 mutibus
1308 2041 1478 2099 asperamus,
1509 2030 1556 2102 qui
1582 2031 1653 2089 viam
1683 2034 1789 2108 regiam

129 2125 211 2190 atque
225 2119 395 2189 substantiae,
409 2134 496 2194 quam
517 2119 597 2177 nohis
611 2135 661 2197 pro
676 2121 771 2196 requie
785 2138 818 2179 ac
834 2123 932 2180 solatio
988 2119 1146 2191 apostolicis
1176 2134 1208 2176 ae
1246 2120 1410 2193 propheticis
1442 2123 1564 2182 silicibus
1588 2128 1787 2186 communitam

129 2226 311 2282 reservamus,
333 2214 449 2272 vinculis
467 2214 595 2284 irretitos,
614 2215 789 2273 saecularium
803 2232 933 2274 curarum
986 2221 1198 2284 sanctorumque
1212 2213 1337 2271 omnium
1352 2223 1433 2288 atque
1446 2217 1532 2290 ipsius
1544 2219 1658 2277 Domini
1667 2223 1788 2295 vestigiis

131 2304 224 2379 flagris
238 2322 348 2378 semper
359 2308 506 2379 excruciet,
522 2324 555 2364 ex
568 2308 774 2380 nobismetipsis
787 2325 842 2383 quo
861 2309 931 2366 dila·
986 2307 1199 2380 complanatam,
1226 2309 1415 2365 eruentissime
1430 2308 1597 2378 deserentes,
1620 2312 1696 2369 deria
1709 2330 1788 2387 qute-

130 2415 256 2458 oeremur
282 2403 450 2476 exsculpens.
475 2413 488 2439 ⁸
517 2403 659 2460 Fuuicnlis
686 2418 808 2476 namque
840 2421 934 2476 pecca·
986 2416 1040 2475 que
1057 2415 1089 2458 ac
1102 2400 1218 2458 dumosa
1232 2410 1381 2472 sectamur,
1400 2404 1615 2473 etpraesentium
1631 2405 1790 2466 oblectatio·

131 2497 731 2566 torumsuornmunusquisqueconstrinpitur
742 2498 878 2563 (Prouerb.
890 2498 933 2568 r),
988 2511 1056 2551 num
1074 2492 1207 2550 illecebris
1223 2494 1361 2563 chamati,
1381 2510 1428 2565 per
1440 2495 1573 2552 obscuros
1585 2497 1786 2573 impeditosque

131 2586 246 2644 audiens
266 2604 314 2660 per
325 2588 497 2662 prophetam,
519 2592 586 2645 Ecce
601 2606 688 2646 omnes
701 2606 746 2646 vos
765 2592 934 2647 accendentes
987 2588 1116 2645 vitiorum
1144 2586 1268 2644 sentibus
1287 2586 1378 2656 calles,
1398 2586 1523 2644 laceratis
1541 2590 1680 2660 cruribus,
1703 2602 1730 2649 et
1747 2592 1789 2650 di-

130 2680 228 2748 ipnem,
240 2682 353 2735 accincti
361 2683 487 2751 stamme,
501 2683 639 2739 ambulate
653 2684 795 2739 inlumina
808 2686 934 2753 unsre·
988 2690 1068 2755 mpta
1082 2680 1128 2739 illa
1146 2681 1259 2754 nuptiali
1273 2688 1356 2749 veste,
1369 2689 1520 2753 reptamus,
1540 2698 1596 2739 nou
1616 2683 1702 2741 modo
1720 2702 1788 2745 acu-

131 2776 193 2842 stri,
209 2777 234 2828 et
243 2777 271 2828 in
282 2777 398 2842 purnnn’s
408 2792 477 2845 quas
488 2778 659 2833 nrccendistis
673 2779 764 2847 (isaie
773 2777 869 2850 a).Per
880 2780 936 2834 baec
990 2777 1103 2834 tissimis
1112 2775 1237 2848 veprium
1249 2774 1349 2831 aculeis
1362 2773 1525 2847 configendi,
1540 2774 1589 2832 sed
1611 2777 1695 2833 etiam
1716 2779 1791 2836 viru-

134 2863 279 2934 siquidem,
289 2875 320 2920 ut
329 2867 461 2922 salomon
470 2867 548 2923 testis
557 2875 609 2935 est,
620 2873 806 2939 unisquisque
811 2886 861 2939 per
875 2887 936 2939 arra
990 2871 1127 2928 lentorum
1143 2874 1301 2942 serpentum
1315 2869 1356 2924 vel
1379 2868 1557 2941 scorpionum
1568 2870 1622 2927 illic
1641 2871 1787 2929 latentium

131 2960 281 3028 peccaverit
294 2961 599 3029 etpanieturtsapient.
614 2963 671 3030 nt).
690 2965 839 3032 lpsaeeuim
853 2965 935 3020 nobis
988 2963 1087 3021 ictibus
1102 2962 1270 3020 vulnerandi.
1287 2972 1298 2999 ⁰
1314 2963 1420 3018 Tribuli
1432 2962 1506 3020 enim
1529 2968 1555 3020 et
1570 2964 1672 3036 luqueit
1683 2969 1712 3022 in
1735 2969 1789 3023 uite
1810 2964 1813 2971 ’

134 3058 275 3108 tormento
289 3058 353 3107 suut
366 3050 466 3123 quibus
476 3050 580 3108 utimur
590 3052 760 3123 voluptates:
775 3061 803 3109 et
815 3053 936 3110 oblecta·
988 3061 1082 3128 mavis
1090 3076 1099 3124 ;
1113 3059 1163 3127 qui
1172 3061 1260 3113 autem
1274 3060 1350 3113 timet
1361 3060 1514 3128 Dominum,
1526 3060 1697 3116 abstirrebitsc
1706 3062 1741 3116 ab
1751 3063 1787 3117 eis

135 3153 226 3202 menta
248 3145 330 3218 hujus
351 3145 441 3202 carnis
454 3152 536 3218 atquc
558 3145 674 3216 delicies,
695 3147 857 3204 carnificum
879 3150 938 3206 vice
988 3152 1082 3221 (Pron
1101 3150 1191 3220 xxti).
1209 3153 1251 3206 De
1269 3149 1371 3207 talibus
1393 3159 1421 3207 ct
1432 3150 1496 3208 alibi
1513 3152 1648 3210 Dominus
1661 3169 1711 3225 per
1725 3170 1792 3227 pro·

136 3240 162 3297 in
177 3258 259 3298 suum
276 3250 470 3315 retorquentur
484 3250 649 3299 auctorem:
672 3243 737 3316 quia
766 3258 879 3301 necesse
897 3254 938 3302 est
991 3244 1103 3316 phetam
1117 3262 1126 3298 :
1140 3246 1245 3300 Oblitus
1258 3248 1369 3310 estmei,
1382 3245 1479 3317 inquit,
1488 3249 1605 3317 populus
1621 3263 1705 3311 meus,
1724 3251 1790 3316 sru-

135 3349 199 3391 eum
215 3336 262 3406 qui
273 3334 444 3392 iacultatihus
458 3335 579 3407 pristinis
588 3336 738 3409 opibusque
750 3335 935 3404 suilultusast,
991 3341 1050 3393 stra
1062 3336 1176 3390 libantes
1186 3340 1210 3389 et
1224 3336 1400 3404 impinpentes
1414 3338 1505 3388 inviis
1515 3339 1581 3397 suas,
1593 3339 1622 3389 in
1632 3340 1734 3394 semitis
1744 3355 1793 3395 sa-

136 3444 186 3485 uec
204 3430 339 3501 integram
359 3429 543 3487 humilitatem
557 3428 661 3500 cordis,
676 3446 726 3488 nec
748 3431 936 3490 mortificatio·
991 3431 1055 3498 atti,
1065 3434 1097 3484 ut
1106 3429 1277 3483 ambularent
1283 3443 1334 3498 per
1344 3442 1389 3482 eas
1400 3428 1429 3482 in
1437 3429 1532 3483 itinere
1541 3444 1594 3484 non
1606 3433 1672 3485 trito
1683 3434 1791 3500 (terem.

134 3536 199 3578 nem
214 3521 322 3594 plenam
337 3523 483 3579 uariarum
505 3523 641 3596 suscipere
665 3523 837 3582 voluntatum
852 3529 935 3597 [Lips.
992 3510 1114 3594 atriu).d
1128 3524 1186 3579 Via
1196 3520 1281 3586 enim,
1291 3520 1614 3578 secundamsententiam
1623 3522 1789 3594 Salomonis,

135 3617 262 3685 inmarp.
276 3615 468 3689 voluptatuml.
484 3617 535 3674 His
550 3625 642 3674 autem
665 3618 797 3677 virtutum
819 3620 939 3692 patroci-
992 3619 1062 3675 nibil
1085 3618 1261 3688 operantium,
1281 3619 1374 3671 enata
1398 3619 1462 3670 sunt
1480 3618 1577 3686 spinis,
1595 3617 1710 3684 lordum
1728 3634 1789 3675 nero

135 3709 266 3766 nantibus
281 3710 481 3775 iustmmentis,
497 3727 594 3768 omues
611 3711 673 3768 ritae
697 3713 836 3784 prusensis
852 3728 936 3784 augu-
992 3715 1064 3768 trita
1078 3715 1141 3767 sunt
1153 3712 1240 3780 (Prae.
1255 3712 1323 3777 xr);
1341 3715 1367 3763 et
1377 3707 1414 3763 ita
1429 3707 1463 3764 ab
1477 3707 1575 3764 itinere
1589 3708 1664 3782 regio
1678 3708 1787 3767 devian-

135 3801 194 3858 stiae
210 3809 238 3858 ct
251 3812 351 3859 cuncta
375 3818 436 3873 quar
453 3803 581 3860 inimicus
595 3812 685 3876 potest
706 3803 806 3863 inferre
829 3805 937 3877 dispen-
990 3814 1041 3874 tes,
1057 3803 1176 3861 adillam
1189 3800 1366 3874 metropolim
1386 3800 1534 3872 civitatem,
1553 3801 1599 3859 uhi
1614 3811 1707 3859 nomer
1727 3819 1791 3861 cur-

135 3891 189 3960 dia,
209 3909 266 3949 nou
286 3894 370 3949 modu
395 3894 605 3965 patientissime,
627 3898 822 3952 verumetiam
840 3899 937 3969 jucun·
996 3913 1043 3955 sus
1057 3895 1282 3954 indeclinabiliter
1295 3910 1403 3968 semper
1415 3893 1495 3953 debet
1507 3910 1567 3952 esse
1580 3894 1711 3967 directus,
1732 3912 1793 3953 uon

137 3985 249 4045 dissime
273 3987 454 4056 sustinentur,
481 3987 583 4060 quibus
606 4004 717 4046 rursum
743 3990 939 4048 exsultantibus
992 3996 1123 4063 poterunt
1145 3988 1296 4059 pervenire.
1320 3986 1401 4057 Quod
1419 3987 1501 4043 etiam
1524 3988 1699 4045 Ecclesiastes
1723 3990 1793 4047 satis

137 4078 219 4137 elatio
238 4087 296 4137 tam
311 4080 461 4152 perniciosa
475 4082 632 4151 succrescit,
647 4089 678 4138 ut
696 4082 779 4139 etiam
792 4099 841 4155 pro
855 4083 938 4141 levis·
991 4081 1177 4156 significanter
1188 4080 1372 4152 expromite·
1389 4081 1483 4147 Labor,
1500 4078 1634 4152 iuquiens,
1646 4083 1793 4138 stultorum

689 4228 817 4284 Atheni
836 4228 950 4285 anmt
968 4225 1246 4286 communiamus.

174 4365 187 4392 ⁸
200 4358 300 4414 Noster
324 4359 460 4430 luterpras
477 4376 483 4414 :
502 4362 667 4431 iniquitates
686 4376 742 4417 suae
760 4364 870 4432 capium
894 4365 941 4418 im·
993 4377 1044 4432 que
1058 4376 1136 4416 mam
1154 4377 1171 4414 a
1182 4359 1370 4429 proximorum
1388 4356 1634 4423 lusioneresrenat,
1650 4359 1676 4411 et
1689 4370 1793 4410 neone·

136 4430 224 4497 pium,
236 4434 261 4484 ct
270 4430 384 4496 turribus
392 4434 562 4500 peccatorum
573 4448 684 4488 suorum
694 4435 884 4503 contrinpitur.
992 4433 1176 4488 maducrsione
1195 4429 1315 4485 districti
1321 4427 1425 4498 judicis
1439 4427 1570 4495 tenatur,
1591 4429 1794 4483 intentamente

175 4498 245 4555 ¹’Sic
260 4501 433 4557 restitutusa
453 4502 581 4560 Ciaconia
601 4504 677 4560 locus
692 4503 753 4571 iste,
777 4505 823 4575 qui
843 4503 939 4561 vitiosa
989 4507 1133 4575 precarer.

139 4568 313 4626 distinctione
325 4578 403 4629 antea
424 4572 586 4644 legebatur:
603 4577 672 4634 llam
687 4577 712 4631 si
720 4575 891 4631 ambularent
904 4580 981 4644 sel)
1030 4575 1043 4611 ά
1058 4573 1138 4645 vulg.
1154 4579 1245 4628 tortus
1261 4588 1268 4624 :
1287 4571 1347 4628 Via
1358 4571 1511 4641 piatorem.
1525 4572 1605 4651 simoi
1616 4585 1690 4639 sepes
1701 4573 1795 4638 spina-

139 4642 221 4696 mitas
236 4647 331 4706 rectas,
344 4645 940 4716 immiscentuuqmsmttasjnstitaataes
995 4662 1072 4711 cumr
1092 4647 1139 4699 uia
1154 4643 1289 4713 justorum
1314 4640 1414 4709 apsque
1432 4640 1700 4721 Olltltdwvilil'fflv·
1722 4643 1791 4722 ,Ul-

139 4726 186 4766 nos
207 4721 261 4768 etc.
275 4717 346 4770 llam
360 4715 455 4773 Graeca
479 4715 515 4771 ita
537 4725 655 4773 sonant:
671 4718 702 4774 Si
723 4720 793 4772 enim
818 4718 942 4773 ambula·
994 4720 1088 4787 Pipros
1100 4716 1166 4769 dicit
1177 4729 1218 4770 cos
1230 4726 1295 4782 quas
1307 4713 1382 4780 pipat
1391 4713 1499 4780 operari
1507 4713 1663 4778 Jmttttemt
1678 4724 1726 4779 qut
1735 4726 1793 4765 Dim

140 4786 199 4836 rent
211 4785 267 4838 uras
281 4785 373 4865 bonas,
383 4788 546 4843 inuenissent
558 4790 652 4858 utique
665 4790 724 4843 uias
730 4788 847 4870 jusitia
862 4790 939 4845 leues.
994 4792 1067 4844 uiam
1080 4787 1188 4868 Domini
1202 4784 1343 4853 appetunt,
1357 4794 1398 4834 eas
1411 4781 1482 4864 uelut
1489 4781 1672 4863 obsistentium
1679 4783 1793 4850 sepium,

140 4851 194 4907 Sed
222 4853 367 4911 &suanus
392 4872 440 4982 pro
465 4858 561 4927 sputos<
587 4857 692 4929 ἀγαθὰς.
719 4857 856 4915 vtdeturl
891 4859 941 4916 'sse
994 4863 1034 4915 sic
1044 4856 1223 4927 formidinum
1235 4867 1347 4911 suarum
1356 4855 1484 4922 opposita
1493 4856 1793 4922 suspecaonespunpant.

140 4921 238 4992 τρώῡῦς
261 4923 391 4994 &ellare
416 4927 517 4990 stieng,
542 4932 582 4987 lta
597 4928 753 4987 Ciacouius.
774 4929 825 4986 Cui
846 4945 877 4987 su
903 4945 942 4986 ra·
994 4930 1077 4988 Beda.
1460 4996 1465 5007 Ι
1618 4995 1624 5007 0
1700 4997 1705 5008 ¹
1761 4997 1766 5008 Ι

139 5001 220 5120 fiatur
229 4996 256 5052 S.
271 4995 460 5069 Hieronymus
479 4999 507 5054 in
522 5001 638 5073 epistola
647 4999 683 5058 ad
703 5000 876 5070 Caelautiam,
893 5000 940 5058 ubi
1030 5010 1041 5037 ⁰
1056 4998 1234 5072 Vulg.l.abor
1247 4995 1392 5050 stultarum
1403 4994 1509 5064 affliget
1519 5008 1560 5049 eos
1574 5010 1622 5065 que
1634 4999 1794 5077 nesuantcre

161 5080 216 5121 unc
236 5066 330 5123 locum
354 5068 391 5124 ita
415 5069 526 5140 respicit
548 5079 576 5127 et
596 5071 677 5128 citat:
701 5075 851 5138 limantur,
872 5076 942 5128 sicut
994 5073 1174 5129 incivitatem
1191 5068 1377 5137 (Ecclesiae).
1396 5067 1793 5135 LepePlatonem,artllrero-

140 5136 281 5206 Scriptnru
295 5139 372 5208 dicit,
381 5141 601 5211 semitatustitiae
612 5145 675 5199 leor's
688 5145 775 5216 (Pron.
792 5147 838 5214 tt).
854 5146 941 5201 Porro
994 5159 1108 5215 nymus,
1121 5140 1274 5196 Aristotelis
1288 5138 1390 5194 reuolue
1402 5140 1546 5219 versutias,
1559 5139 1687 5190 Zenonem
1699 5139 1725 5190 et
1736 5135 1795 5191 Gar·

141 5205 168 5260 in
184 5207 295 5281 Vulgata
306 5210 426 5269 editione
439 5211 507 5268 nihil
522 5215 573 5271 tale
585 5213 710 5272 hahetur.
994 5216 1107 5271 neaden
1114 5212 1271 5281 dilipentius
1281 5211 1394 5271 intuere,
1402 5208 1556 5291 etprobabts
1564 5220 1717 5291 adamasse
1725 5204 1798 5288 quod

177 5286 187 5312 θ
202 5279 316 5352 Vulgata
330 5282 410 5339 editio
425 5300 432 5338 :
448 5285 535 5339 Arma
550 5291 575 5341 ct
595 5286 683 5355 pladii
702 5288 733 5342 in
746 5289 792 5343 ora
805 5288 926 5358 peruersi
931 5306 940 5355 3
995 5287 1098 5343 dicitur
1114 5302 1121 5339 ε
1138 5285 1226 5341 Labor
1234 5283 1378 5337 stultorum
1398 5280 1503 5350 aitltpet
1523 5293 1574 5362 eos.
1593 5279 1740 5334 Veritatem
1753 5277 1797 5330 elle

141 5353 228 5406 custos
249 5356 340 5406 autern
358 5357 457 5411 aalma
477 5372 534 5412 sate
547 5359 623 5428 lonpe
633 5359 734 5414 recedit
748 5359 783 5414 ub
798 5361 836 5414 eis
852 5358 939 5430 (Proo.
996 5358 1105 5429 onmem
1113 5349 1800 5433 omnistvdroanennuat3redquranonnabaemnt

142 5425 232 5488 xxti).
257 5422 313 5477 Ubi
328 5425 464 5482 venerab.
483 5428 575 5486 Beda:
596 5430 756 5500 Dupliciter,
781 5429 878 5502 iuquit,
895 5430 942 5485 boc
995 5430 1089 5485 ducem
1100 5434 1126 5483 et
1145 5429 1276 5496 precium
1288 5423 1405 5484 itineris,
1419 5426 1444 5476 et
1467 5422 1592 5507 hamanis
1605 5420 1725 5503 sensibus
1743 5422 1798 5474 ratr

141 5494 346 5565 intelligendum
359 5499 444 5565 :quia
450 5504 581 5569 paueret,
591 5504 693 5556 armati
700 5502 944 5573 seniperadnocen-
995 5504 1060 5558 surrt
1073 5516 1101 5555 se
1113 5496 1331 5568 comprehendere
1342 5508 1416 5564 posse
1426 5497 1599 5564 sapientiam,
1616 5491 1656 5575 nd
1664 5495 1798 5547 onumen

141 5564 206 5620 darn
216 5568 353 5636 proximis
362 5566 451 5635 aerbo,
461 5572 503 5625 uel
508 5587 584 5643 opere
593 5573 709 5635 scelesto,
725 5577 751 5628 et
763 5574 834 5643 ipsos
841 5575 943 5642 parata
996 5574 1106 5627 minime
1117 5572 1304 5641 peruertnunt,
1326 5566 1359 5622 de
1373 5581 1429 5635 qua
1441 5567 1471 5618 in
1480 5565 1586 5649 psalmo
1600 5563 1701 5647 dentur
1716 5581 1724 5646 ‚³
1744 5565 1797 5646 Do-

142 5650 244 5707 semper
258 5642 393 5710 rumestat
405 5638 474 5695 ultio
488 5641 577 5698 divini
589 5645 732 5700 straminis.
747 5644 800 5711 Qui
810 5658 870 5699 uero
880 5644 942 5698 ani·
996 5647 1078 5706 mine,
1100 5645 1130 5698 in
1151 5642 1260 5696 claritate
1272 5643 1320 5694 tna
1341 5639 1486 5706 imapincm
1503 5650 1622 5707 ipsorum
1651 5633 1797 5704 dissipabis

142 5723 215 5763 mam
223 5724 301 5764 suam
312 5712 341 5764 in
349 5715 480 5766 atomum
493 5714 594 5768 calcari
599 5720 737 5785 procurat,
750 5715 825 5785 lonae
838 5714 943 5783 resupit
997 5716 1107 5786 (Psalm.
1126 5715 1234 5779 anxit).

143 5779 177 5835 ab
188 5779 345 5851 hujusmodi
353 5783 656 5857 ambachmianon
666 5792 814 5844 etmentem
825 5801 944 5842 manam-
