3848 6158
153 224 204 278 etit
820 212 960 270 rotatas
978 209 1129 268 CASSlle
1746 193 1800 250 320

153 343 282 402 culnrinis
298 343 444 411 streilitas,
457 341 522 415 quid
532 339 675 400 descendis
690 333 785 398 tollere
803 336 904 411 aliquid
917 336 950 394 de
964 341 991 408 Α
1006 333 1174 410 parvissima
1188 326 1334 404 cujuslibet
1347 318 1426 398 stipis
1436 323 1466 380 ln
1476 319 1561 380 eorde
1573 323 1670 376 nostro
1681 311 1802 373 emtam

154 439 238 495 domo
253 447 313 505 tua,
329 437 419 493 erbis
434 435 557 496 videlicet
572 451 633 509 qoae
651 443 731 490 antea
744 433 951 506 contempsisti?
1004 449 1061 491 non
1085 432 1210 489 sbranrus
1235 424 1402 502 igniculum,
1424 421 1491 478 certi
1517 416 1591 492 qnod
1614 410 1801 487 restinguendi

156 533 326 591 Constitutus
341 533 369 587 in
384 547 450 602 agro
464 539 546 602 atque
558 528 716 602 operatione
729 527 873 597 virtutum,
888 526 951 583 sub·
1005 542 1070 584 eum
1085 539 1141 581 non
1152 521 1317 580 habebimus
1335 515 1450 576 ulterius
1461 509 1665 580 facultatemsi
1680 514 1822 585 quantus

156 626 256 684 stantia
270 623 382 691 mundi,
396 639 449 696 qua
463 632 491 679 te
504 623 663 679 renuntians
676 620 810 693 spoliasti,
827 619 893 693 quid
906 635 951 676 re·
1006 620 1181 692 tamtumque
1191 612 1318 678 scintille
1331 609 1412 689 hujus
1426 609 1456 671 ln
1467 605 1549 668 nota
1566 602 1712 665 materiam
1724 596 1803 660 iura·

156 735 268 776 currens
283 719 377 775 niteris
388 716 528 774 revestiri?
539 715 567 772 Si
581 731 646 772 vero
662 722 820 787 paupertate
832 729 952 786 praeven-

157 814 278 871 tusnilril
289 811 362 884 quod
370 811 525 868 dimitteres
533 808 757 877 habuisti‚multo
766 809 857 864 minus
864 807 955 881 acqui·

158 923 218 964 rere
230 906 312 963 debes
322 905 396 978 quod
408 913 489 962 antea
498 918 555 960 non
565 902 721 977 possedisti.
735 903 780 960 Ob
790 902 817 960 id
829 903 905 959 enim
916 903 954 960 ita

160 1001 270 1061 Domini
290 999 423 1057 beneficio
443 1006 610 1072 properatus
630 1012 676 1063 es,
699 1006 730 1054 ut
750 996 900 1070 expeditior
919 997 955 1054 sd

159 1111 224 1152 eum
233 1094 316 1151 nullis
324 1094 500 1166 pecuniarum
514 1093 617 1165 laqueis
629 1091 779 1164 impeditus
788 1105 953 1150 recurreres.

160 1190 358 1244 verumtamen
376 1185 466 1242 nullus
482 1185 512 1240 in
522 1184 575 1241 boc
585 1200 668 1258 egens
680 1183 837 1257 frangerem
847 1187 861 1218 ⁸
872 1199 955 1241 nemo

159 1289 203 1337 ast
218 1280 307 1348 enim,
326 1278 372 1352 qui
393 1294 449 1334 non
463 1278 562 1335 babeat
576 1277 651 1352 quod
664 1276 792 1334 dimittat.
812 1276 956 1334 Unirersis

161 1374 327 1432 renuntiarit
347 1373 522 1430 facultatibus
546 1372 657 1441 mundi,
678 1370 799 1447 quisquis
824 1370 955 1429 aiieotum

163 1466 317 1541 possidendi
331 1481 378 1523 eas
387 1467 518 1524 radicitus
531 1450 690 1539 amp'utarit.
744 1538 748 1545 .

411 1563 556 1627 icatur
573 1571 710 1627 xxvttl.

200 1667 275 1737 Quod
288 1667 416 1723 adversus
429 1668 633 1739 plrilarppriam
647 1667 762 1722 uictoria
779 1682 831 1723 non
845 1667 925 1724 aliter

339 1741 425 1809 possit
438 1740 495 1794 nisi
507 1739 632 1794 auditote
644 1739 777 1810 corrpuiri.

199 1843 267 1900 Haec
280 1849 321 1900 est
334 1841 418 1916 igitur
433 1841 466 1899 de
479 1841 642 1917 philargyria
653 1839 775 1916 perfecta
793 1841 921 1908 victoria,
931 1847 962 1898 ut

1006 714 1105 772 rimus.
1319 797 1323 804 Ι

1274 850 1395 908 CAPUT
1416 847 1528 904 XXIX.

1132 998 1163 1052 la
1180 1008 1231 1065 pua
1246 991 1392 1047 monastiea
1412 987 1523 1046 auditas
1542 986 1680 1043 mnsistot.

1042 1141 1133 1211 Quam
1151 1136 1280 1194 virtutem
1294 1148 1351 1190 non
1363 1131 1434 1190 alias
1446 1128 1565 1189 manere
1580 1125 1731 1185 valebimus
1753 1123 1808 1182 illr-

1008 1233 1113 1301 mrem,
1136 1230 1188 1287 nisi
1208 1228 1236 1285 in
1254 1227 1424 1287 monasterio
1439 1224 1641 1292 separantur
1655 1219 1809 1280 &mudum

1008 1324 1184 1400 Apostolum,
1195 1326 1207 1357 ⁰
1220 1321 1356 1379 babentes
1368 1320 1473 1379 rictum
1486 1326 1516 1377 et
1528 1318 1668 1384 inuitum.
1682 1314 1727 1375 bis
1741 1331 1811 1374 oon·

1009 1420 1077 1480 tenti
1093 1417 1226 1480 luerimus
1239 1417 1277 1486 (11
1289 1412 1358 1474 tim.
1373 1414 1427 1487 vr).

1296 1560 1416 1620 catut
1431 1559 1527 1620 XXX.

1129 1701 1257 1759 Repudia
1268 1705 1361 1758 marro
1369 1701 1490 1757 morbrm
1499 1698 1691 1772 plritarapriu.

1049 1829 1064 1874 ⁶
1076 1841 1288 1902 Damnationem
1299 1856 1364 1918 ergo
1373 1839 1491 1901 Ananiae
1503 1848 1532 1898 et
1542 1836 1663 1916 saphira
1674 1813 1773 1911 (dour.
1782 1837 1813 1911 r)

712 1967 841 2023 amam
858 1967 972 2024 oazm
991 1938 1269 2027 conumeratus.

164 2097 218 2136 non
230 2081 346 2136 accedat.
367 2082 403 2137 Et
416 2080 585 2153 Augustinus
603 2078 651 2136 lib.
669 2093 695 2135 ιι
709 2078 815 2148 Quaest.
831 2080 887 2135 Era
925 2078 959 2135 el.

166 2156 198 2216 (ε.
212 2158 258 2216 tt)
273 2171 281 2207 ε
301 2154 333 2207 lu
351 2156 417 2207 tecto
431 2156 487 2215 est,
500 2150 602 2223 inquit,
617 2152 666 2222 qui
681 2150 807 2206 mesdeus
825 2167 910 2206 carna
923 2153 961 2214 ia,

166 2223 961 2293 tamquaminanraliberaspiritaliteruiuitmasaindorua,

166 2300 229 2349 sunt
241 2308 331 2349 seruus
342 2294 472 2359 summes,
483 2295 580 2363 quibus
590 2292 628 2347 ad
640 2293 856 2360 inuestipondam
866 2295 964 2348 uerita-

168 2371 231 2433 tem,
245 2381 305 2435 quoa
316 2366 453 2420 intellectu
459 2367 576 2435 eapitur,
587 2364 887 2434 multiuteutespeuitus
892 2379 964 2418 erra-

167 2437 377 2493 rementsaoeat
390 2451 450 2504 erpo
464 2437 599 2506 spiritalis
613 2436 703 2498 mma,
721 2450 755 2489 ne
772 2436 802 2488 in
821 2433 866 2488 die
879 2434 966 2488 triber

169 2509 288 2569 latiauis,
303 2521 397 2562 rursus
405 2507 591 2569 uitosarnoli,
604 2521 665 2576 quae
671 2521 721 2576 per
735 2506 965 2575 aertsuspasoitur,

57 2572 62 2581 “
169 2580 325 2641 delectatae,
341 2577 543 2647 adoasodujus
561 2576 660 2632 muudi
669 2575 823 2632 descendat.

204 2659 217 2684 ⁸
227 2649 299 2704 Seite
313 2647 341 2705 id
356 2648 471 2719 explieat
482 2651 517 2704 D.
529 2651 572 2704 Au
636 2646 698 2702 inus
711 2646 741 2702 in
751 2647 888 2717 psalmum
897 2658 966 2713 crrr,

170 2719 304 2790 docetque
320 2714 459 2775 neminein
473 2734 533 2775 esse
550 2735 566 2775 a
586 2734 618 2775 eo
638 2732 786 2790 pauperem
800 2725 828 2774 et
842 2716 966 2788 inopem,

96 2807 98 2811 ’
170 2792 215 2863 qui
230 2807 287 2846 non
301 2792 387 2847 multa
402 2805 451 2861 pro
468 2789 577 2847 Christo
589 2789 726 2856 dimittat,
740 2790 765 2845 si
779 2795 967 2861 paupertatem

170 2861 352 2934 euangelicam
362 2860 552 2932 amplectatur.
567 2860 612 2916 Sic
623 2859 785 2916 enimillum
800 2858 897 2929 psalmi
908 2873 967 2913 rer·

170 2932 289 2988 siculum
301 2953 307 2989 :
319 2933 376 2988 alic
387 2947 508 3002 passeres
520 2931 707 3000 nidificabunt,
721 2930 924 3000 interpretatur,
937 2933 969 2982 ut

170 3004 303 3072 ejusmodi
309 3017 440 3071 passeres,
453 3003 663 3072 utpotemirrutoe
671 3001 793 3062 aemuia,
801 3001 857 3052 sint
864 3013 969 3069 paupe-

172 3088 215 3127 res
225 3078 251 3126 et
258 3075 350 3141 parui,
361 3075 410 3140 qui
418 3073 555 3127 audientes
566 3074 595 3124 in
603 3072 748 3138 Euanpolr'o
757 3070 864 3140 (Mettis.
881 3073 948 3135 arx)
959 3088 968 3126 .·

176 3144 266 3204 Vade,
285 3142 368 3196 vende
387 3144 477 3196 omnia
495 3157 555 3212 qua
569 3141 665 3208 bobes,
686 3145 712 3196 et
732 3141 768 3195 da
786 3141 968 3211 pauperibus,

1015 2079 1209 2135 limusiultune
1219 2077 1437 2153 mundum;iob.
1449 2073 1818 2146 mriudmapransmrmde

1014 2154 1193 2207 maeinanis
1202 2147 1818 2222 mearquantumadfluemauianecaulerre

1016 2222 1084 2292 quid
1095 2237 1246 2293 possumus.
1263 2221 1373 2279 Psalmo
1391 2235 1474 2278 txxv
1489 2237 1496 2274 :
1511 2222 1686 2276 Domaienmt
1696 2231 1818 2274 somrrum

1017 2308 1107 2356 suum,
1118 2298 1144 2348 et
1152 2294 1384 2348 nibilinoenerrmt
1392 2305 1481 2346 omnes
1488 2291 1544 2345 uiti
1554 2290 1718 2345 diuitiarum
1726 2289 1756 2342 in
1764 2301 1820 2342 ma·

1018 2364 1100 2418 nibus
1108 2366 1174 2418 suis.
1186 2364 1249 2421 Job.
1262 2365 1526 2446 natumnatum
1537 2362 1688 2446 detruserit,
1698 2359 1769 2444 nildl
1779 2373 1821 2414 se·

1020 2434 1819 2584 restittattattttttattttttat..

1020 2573 1055 2632 de
1070 2590 1123 2646 qua
1134 2589 1216 2647 supra
1229 2577 1304 2646 (cap.
1317 2574 1371 2645 ts).
1390 2574 1483 2632 Solent
1497 2574 1544 2631 SS.
1561 2576 1665 2641 retra,
1697 2579 1822 2645 repento

1020 2646 1138 2702 maniae
1148 2654 1176 2701 et
1184 2645 1309 2719 saphirae
1323 2645 1447 2718 exemplo
1457 2652 1485 2702 et
1498 2643 1636 2702 horrendo
1648 2658 1684 2707 ex
1693 2642 1743 2710 do,
1755 2656 1823 2711 ruo-n

1022 2715 1126 2773 nocitos
1147 2716 1360 2790 a.proprietatis
1380 2724 1410 2772 et
1432 2714 1572 2788 peculatus
1589 2713 1653 2772 atio
1671 2712 1823 2771 deterrere.

1022 2788 1066 2844 Sic
1088 2790 1123 2845 D.
1142 2788 1260 2844 Basilius
1276 2803 1359 2843 serm.
1375 2794 1387 2842 t
1404 2785 1438 2843 de
1454 2786 1573 2842 institut
1592 2782 1796 2842 monadrorum
1813 2802 1822 2841 τ

1022 2860 1063 2927 st,
1079 2857 1178 2930 inquit,
1190 2875 1242 2930 per
1252 2861 1379 2914 uitiomrm
1391 2860 1598 2920 mactationem,
1614 2855 1652 2911 ad
1663 2857 1714 2913 Dei
1722 2856 1823 2912 sintii

1023 2930 1144 2985 tudinem
1158 2933 1258 2985 onimoe
1271 2935 1369 2984 nostra
1387 2929 1567 2983 characterem
1583 2941 1736 2998 componere
1747 2926 1825 2984 matr

1023 3001 1053 3055 in
1064 3002 1153 3055 animo
1166 3005 1215 3068 est,
1230 3005 1255 3055 et
1267 3001 1317 3055 tac
1329 3001 1435 3055 retiam
1448 3000 1638 3069 sempiternam
1647 2998 1723 3055 mdis
1737 3001 1825 3055 titum

1024 3072 1176 3141 acquirere,
1190 3070 1284 3127 danda
1302 3072 1409 3126 omnino
1427 3071 1502 3125 noba
1520 3069 1612 3126 sedulo
1626 3084 1708 3140 opera
1721 3073 1775 3135 est,
1790 3078 1827 3124 rte

1024 3142 1093 3212 quid
1101 3143 1269 3213 professione
1282 3147 1375 3197 nostra
1388 3141 1533 3211 indipnum
1545 3142 1690 3208 sumamus,
1707 3146 1772 3197 neue
1784 3141 1825 3195 si·

173 3218 199 3267 et
212 3215 289 3276 ceni,
302 3228 409 3281 sequere
421 3227 479 3279 mc,
493 3216 546 3268 toto
559 3213 589 3266 id
600 3214 691 3266 animo
704 3213 834 3282 amplecti,
849 3211 969 3267 ἀεεεευε-
1023 3213 1085 3268 mili
1095 3217 1175 3282 arma
1184 3214 1308 3269 Ananias
1314 3213 1420 3284 judicio
1429 3213 1575 3280 efficiamur
1583 3212 1704 3267 obsonii.
1715 3208 1825 3268 amtor

173 3285 390 3353 rnrrtnoajunpi
400 3284 545 3346 numiam,
561 3299 614 3338 non
625 3285 755 3338 marmori
765 3283 969 3352 mratlliornm,
1024 3286 1095 3338 errim
1117 3286 1196 3340 rnna
1215 3286 1331 3341 Ananim
1348 3283 1588 3355 possessiunerdam
1606 3296 1685 3338 suam
1699 3284 1754 3339 Deo
1771 3296 1827 3337 non

171 3355 454 3424 rurrdadereprtprias
463 3355 548 3421 sedes,
556 3355 654 3426 quidus
662 3355 867 3424 deliparenturr
877 3355 972 3410 sedite
987 3367 1010 3433 c
1022 3356 1186 3426 pellicerius
1199 3370 1306 3422 υουεεες
1320 3355 1368 3410 sed
1377 3359 1522 3425 postquam
1535 3354 1659 3410 bammum
1673 3353 1767 3422 plorate
1776 3367 1825 3408 ert-

93 3437 97 3446 ·
174 3427 204 3479 iu
217 3428 300 3479 iritum
313 3426 458 3497 quamdam
469 3441 639 3480 communem.
653 3426 705 3482 Sed
716 3427 793 3494 quid,
809 3428 909 3496 inquit,
926 3426 972 3480 di·
1023 3425 1287 3498 piditateiuduotua,
1297 3426 1435 3498 quidquid
1446 3427 1475 3480 in
1485 3426 1558 3480 bones
1568 3425 1693 3487 tractat,
1703 3438 1829 3507 perpro-

175 3498 308 3550 misernrrt
320 3500 370 3551 isti
378 3498 633 3566 passerestdiinuti
643 3498 713 3550 enim
725 3497 818 3551 saculi
826 3497 974 3568 iujuspas
1027 3497 1167 3566 sessionem
1179 3499 1231 3551 Deo
1244 3499 1414 3560 menecramt,
1425 3497 1605 3566 provideiioet
1616 3510 1722 3566 eprepro
1730 3495 1828 3551 utius-

175 3581 245 3621 seres
256 3568 392 3622 uideatur.
404 3568 475 3634 Quid
483 3568 661 3622 dimiserunt?
672 3567 744 3633 Quat
752 3582 882 3635 mapnum
890 3567 975 3621 dimi-
1027 3566 1102 3622 arodi
1113 3568 1187 3635 fusto
1198 3568 1335 3622 dominum
1344 3567 1378 3623 de
1387 3583 1414 3622 se
1425 3567 1630 3622 admirationem
1642 3567 1782 3629 cautaret,
1794 3565 1828 3621 de

176 3642 287 3693 serunt?
301 3640 382 3694 Alius
396 3653 424 3692 se
438 3640 566 3692 mnoertit
581 3656 589 3691 :
605 3639 710 3692 dimisit
723 3638 817 3692 cellam
827 3640 918 3708 patris
932 3638 977 3692 sui
1026 3639 1113 3710 pretia
1133 3643 1222 3692 autem
1237 3638 1334 3693 collide
1354 3643 1447 3708 postea
1466 3641 1552 3693 nescio
1572 3638 1645 3709 quod
1663 3638 1828 3701 intervertit,

162 3711 362 3778 propomam
382 3725 466 3763 unum
486 3710 580 3762 isonam
598 3712 624 3762 et
643 3723 728 3761 utram
742 3722 842 3763 aream.
864 3710 922 3764 Nan
935 3708 979 3762 illi
1030 3709 1160 3779 ejusmodi
1173 3709 1313 3763 adrasum
1328 3723 1356 3762 sa
1368 3709 1583 3778 indrpnatiouem
1597 3710 1647 3765 Dei
1658 3709 1828 3779 prouocauit,

178 3781 418 3846 insultemus-nou
428 3780 600 3834 diromusilli
609 3797 617 3832 ι
627 3776 705 3836 ilidii
714 3778 854 3834 dimisisti.
866 3781 924 3836 Nan
932 3794 978 3834 su·
1030 3779 1104 3850 cujus
1119 3782 1213 3835 Petrus
1231 3781 1352 3835 minster
1365 3781 1439 3848 tuit,
1462 3788 1514 3836 etc.
1537 3779 1582 3836 Sic
1604 3781 1640 3835 D.
1662 3775 1831 3835 Ambrosius

176 3851 298 3919 partiat,
307 3853 355 3920 qui
364 3852 450 3905 multo
460 3851 574 3905 dimisit.
584 3853 677 3905 Petrus
686 3853 717 3904 ut
728 3842 880 3918 sequiretur
888 3851 979 3906 Domi·
1030 3865 1114 3906 serm.
1130 3855 1183 3904 59:
1199 3851 1368 3921 Esmrplum,
1381 3851 1428 3919 sit,
1440 3852 1530 3906 orrares
1543 3851 1665 3906 omnibus
1677 3851 1706 3904 in
1718 3849 1833 3906 arurae

177 3937 259 3988 rrrrm,
272 3921 475 3993 novimusquod
484 3923 606 3992 piscator
621 3925 695 3985 erat,-
707 3920 776 3990 quid
787 3921 979 3990 potuitdimt't-
1028 3923 1198 3993 propositum
1208 3927 1260 3985 est,
1275 3925 1305 3976 ut
1316 3924 1366 3991 qui
1377 3921 1495 3991 maedam
1512 3923 1632 3976 criminis
1645 3935 1707 3975 reus
1729 3921 1831 3988 tueri,

180 3997 255 4047 tere?
268 3994 310 4046 cel
321 3995 411 4062 frater
424 3993 481 4062 ejus
496 3993 639 4055 Andreas,
649 3993 691 4047 uel
700 3993 752 4060 filii
769 3992 888 4059 Zebedaei
896 3995 978 4048 toan-
1031 3991 1150 4062 maedam
1172 3994 1302 4064 supplicii
1319 3994 1348 4046 in
1367 3992 1468 4062 judicii
1488 3993 1533 4047 die
1550 3993 1683 4047 sententia
1699 3991 1831 4058 feriatrm

177 4079 224 4118 nes
237 4067 262 4117 et
276 4065 388 4119 daeobrta
397 4106 406 4127 ,
425 4067 506 4118 etiam
519 4065 574 4134 ipsi
584 4065 747 4134 piscatorem
762 4067 788 4117 et
802 4067 892 4118 tamea
911 4062 979 4133 quid
1032 4063 1141 4121 drartde
1149 4065 1234 4132 ipitur
1243 4063 1346 4118 molum
1357 4068 1396 4118 est
1406 4064 1536 4124 coemtio,
1544 4065 1624 4118 immo
1634 4063 1768 4117 malorum
1777 4076 1833 4116 orn·

179 4135 329 4190 dicerunt?
343 4138 407 4191 Eece
418 4149 464 4189 nos
477 4135 630 4191 dimisimus
644 4135 744 4197 omnia,
757 4138 783 4188 et
795 4136 880 4189 samii
887 4147 980 4189 sumus
1032 4135 1200 4204 niumoripo,
1211 4137 1282 4189 siout
1291 4135 1332 4188 ait
1340 4134 1484 4204 Apostolum
1494 4152 1503 4187 .·
1512 4135 1606 4190 Radia
1615 4133 1832 4188 outmnonrnium

181 4209 215 4260 tc.
232 4208 291 4262 Non
306 4209 331 4259 ci
349 4207 424 4262 dicit
445 4208 573 4262 Dominus
597 4206 725 4262 :Oblitus
745 4220 772 4260 es
791 4209 980 4277 paupertatem
1032 4206 1164 4260 malonem
1173 4204 1365 4328 estcnpiditus.
1377 4205 1466 4260 lttm
1478 4218 1519 4259 rt.
1531 4205 1655 4261 SicetD.
1666 4201 1830 4285 Bpuedicttrs

181 4279 274 4328 tuam?
291 4277 357 4344 quati
374 4278 518 4339 dimisisti,
534 4283 565 4332 ut
582 4281 667 4331 totum
680 4276 811 4331 mnndum
825 4278 980 4347 occiperes?
1033 4290 1095 4346 rap.
1120 4281 1153 4329 st
1175 4276 1254 4347 Regu
1265 4290 1307 4340 ae,
1323 4274 1358 4331 de
1377 4273 1527 4332 artificibus
1545 4273 1705 4330 monasterti
1719 4286 1805 4345 agens
1821 4290 1829 4328 ι

179 4345 414 4406 multamdimisit,
421 4348 705 4410 fratrcemcimultum
712 4348 828 4409 dimisit,
834 4363 888 4402 non
894 4348 980 4403 solum
1034 4347 1065 4402 Si
1079 4346 1155 4415 quid,
1168 4345 1217 4410 ait,
1232 4360 1266 4399 err
1274 4346 1397 4416 operibus
1410 4349 1544 4417 artificum
1555 4344 1776 4401 emundandum
1782 4346 1833 4410 est,

182 4414 286 4466 dimisit
299 4414 436 4482 quidquid
446 4415 572 4482 babebat,
585 4417 631 4468 sed
642 4419 724 4476 etiam
735 4417 872 4486 quidquid
883 4417 981 4471 tabem
1033 4416 1144 4473 amcam
1156 4417 1212 4486 ipsi
1223 4431 1274 4486 per
1286 4432 1399 4486 quarum
1411 4432 1507 4473 monus
1521 4416 1699 4486 transipendu
1711 4418 1785 4478 sunt,
1799 4428 1833 4469 ιιε

181 4484 315 4551 eripiebat.
329 4480 395 4549 Quis
405 4487 474 4537 enim
482 4500 646 4554 pauperator
660 4488 782 4539 tumescit
795 4489 824 4539 in
833 4501 880 4556 spe
889 4487 983 4541 saculi
1034 4487 1157 4555 aliquam
1168 4487 1294 4554 fraudem
1303 4493 1470 4558 presumant
1482 4489 1596 4556 infer-rm
1605 4489 1835 4555 mandanturque

183 4553 282 4621 lrujrts?
301 4554 366 4618 Quis
379 4569 432 4607 nou
449 4555 571 4623 quotidie
591 4557 667 4623 cupit
681 4571 782 4622 nupero
794 4557 866 4624 quad
880 4557 981 4611 babet?
1035 4571 1137 4626 seraper
1147 4558 1262 4613 Anarrt'te
1272 4563 1297 4613 et
1308 4558 1441 4628 Sapdirem
1452 4575 1486 4614 ne
1495 4560 1566 4627 forte
1576 4564 1688 4613 mortun
1696 4570 1781 4627 quam
1792 4555 1836 4610 illi

172 4626 238 4680 rista
251 4625 387 4693 sapiditas
398 4627 512 4694 preciso
526 4630 573 4679 est.
587 4625 647 4680 ibat
661 4627 691 4678 in
704 4627 870 4689 immersum,
882 4628 984 4696 ametrit
1035 4629 1065 4682 in
1079 4642 1186 4699 empore
1197 4629 1383 4700 pertulerunt,
1398 4631 1467 4684 banc
1480 4631 1542 4696 isti,
1554 4631 1595 4683 uel
1608 4642 1697 4684 omnes
1714 4629 1765 4698 qui
1777 4626 1833 4680 ali-

183 4695 305 4758 modum,
325 4699 350 4749 et
370 4696 440 4750 uidit
454 4697 594 4754 dimissum
606 4699 666 4750 est?
679 4698 793 4751 morsus
808 4700 892 4752 totum
901 4712 983 4751 muu-
1036 4714 1120 4769 quam
1130 4700 1257 4768 frauder
1266 4700 1299 4755 de
1310 4701 1389 4756 rebus
1401 4701 1558 4757 mmtasterii
1565 4701 1687 4768 sescum,
1700 4700 1729 4752 in
1739 4699 1834 4753 anima

184 4767 249 4820 dum
262 4767 366 4820 dimisit
375 4770 481 4830 Petmrs,
493 4773 519 4822 ct
531 4771 616 4822 totum
626 4767 755 4821 mundum
767 4769 862 4822 Patmos
869 4770 980 4838 caepa.
996 4745 1022 4808 D
1033 4771 1186 4841 potietuur.
1209 4772 1241 4826 ln
1261 4785 1343 4842 quem
1367 4771 1459 4827 locum
1484 4779 1673 4827 commentans
1690 4769 1836 4824 Turrecre
1873 4814 1881 4822 .

185 4838 491 4904 meritamierita,
504 4837 798 4919 momnippossideutes
812 4838 915 4908 (iiiior.
926 4839 983 4909 ιιι).
1036 4848 1128 4896 matus
1143 4860 1149 4898 :
1165 4844 1237 4905 aar,
1256 4841 1354 4913 inquit,
1367 4843 1452 4912 plano
1463 4847 1537 4904 sunt,
1550 4847 1576 4896 et
1593 4839 1761 4896 aduertmda
1771 4838 1836 4910 ptu-

187 4912 225 4963 lta
241 4909 335 4963 beatus
348 4910 529 4979 Arrgustinus.
548 4909 653 4965 Srmrlra
669 4910 704 4963 D.
722 4909 877 4965 Beraardus
889 4910 918 4965 in
931 4913 985 4966 De-
1037 4913 1137 4966 rimam
1150 4913 1184 4967 ab
1198 4913 1241 4966 bis
1254 4915 1302 4982 qui
1312 4928 1354 4967 res
1368 4914 1590 4968 monasteriorum
1601 4914 1786 4982 pertractant,
1801 4913 1833 4964 ut

184 4981 293 5034 clamat.
304 4995 384 5048 super
392 4980 457 5036 iliud
468 4997 475 5032 r
491 4984 555 5037 Eme
563 4995 610 5036 nus
621 4981 781 5050 reliquimus
792 4983 892 5036 matria.

1035 4980 1838 5053 eaprmscarrtquantumpericulumsitt'nidelitcrsrauduleu·

220 5043 306 5103 ¹'iloc
319 5058 401 5120 eaput
417 5066 479 5106 curn
493 5052 579 5105 tribus
597 5050 788 5123 sequentibus,
806 5051 879 5123 quod
893 5053 982 5107 bretia
1037 5059 1131 5123 terque
1139 5068 1181 5108 rea
1194 5055 1351 5110 monasterii
1357 5054 1603 5121 tractarerinfelia
1608 5055 1700 5124 plane,
1709 5051 1838 5122 quitantt'

184 5122 250 5180 siut.
264 5122 345 5175 simul
359 5126 384 5175 et
400 5136 453 5175 uro
467 5126 591 5175 contentu
599 5124 695 5191 junpit
707 5124 863 5192 Dionysius.
877 5125 918 5178 De
931 5122 983 5179 bae
1036 5125 1157 5193 sulpuris
1167 5127 1314 5180 tondruum
1324 5125 1616 5196 auresurdaproeterit.
1626 5126 1661 5179 Et
1670 5121 1840 5192 smaragdus

186 5191 418 5271 porro-nuditate,
436 5206 485 5247 seu
496 5191 623 5272 religiosa
636 5200 804 5263 paupertate,
816 5203 920 5318 gruter
931 5195 981 5249 alia
1037 5195 1139 5250 ibidem
1152 5215 1158 5250 ι
1170 5196 1248 5265 Pejor
1260 5198 1340 5258 min,
1357 5195 1456 5268 inquit,
1471 5201 1498 5251 ct
1510 5196 1606 5250 durior
1619 5200 1658 5250 est
1669 5208 1741 5249 mors
1753 5208 1839 5263 quum

186 5277 310 5330 superius
331 5261 410 5316 allata
435 5260 526 5318 videre
546 5262 640 5318 licebit
658 5263 795 5319 isidorum
839 5263 982 5320 elusiotem
1037 5266 1166 5334 fraudem
1180 5267 1436 5335 smeendomonaclri
1446 5268 1839 5337 patiunturirronimo,puam

188 5332 235 5386 lib.
252 5347 273 5386 ιι
288 5332 367 5403 epist.
380 5338 441 5388 161.
1036 5337 1839 5407 morscorporispuampassisuntdnaniasetssapltiradiors

222 5406 234 5434 ⁰
250 5405 327 5457 Hanc
339 5403 502 5459 sententiam
519 5404 584 5459 alibi
602 5403 781 5476 expendimus
794 5405 861 5470 (tit.
877 5418 923 5458 ιε.
944 5408 983 5471 a).
1039 5409 1110 5463 enim
1125 5409 1270 5477 mrporalis
1285 5409 1401 5462 ominum
1417 5415 1455 5464 est
1467 5410 1613 5462 communis
1628 5412 1653 5463 st
1668 5404 1839 5477 temperate.

188 5473 336 5529 annotavit
354 5482 483 5544 praeterea
504 5477 539 5529 D.
559 5475 679 5530 Thomas
697 5475 833 5546 duplicem
849 5474 984 5531 rationem
1038 5480 1438 5549 morsveroouimoeimpiorum
1445 5483 1642 5544 utetoeteruar
1653 5478 1840 5533 decommum

178 5546 222 5621 'ab
240 5546 374 5615 apostolo
387 5545 498 5600 allatam
513 5545 541 5600 in
557 5547 716 5602 comment.
733 5561 783 5602 car
800 5545 843 5601 liis
859 5545 983 5613 duobus,
1040 5548 1202 5617 disiunpita
1308 5551 1463 5612 uiliorem
1476 5555 1585 5621 separat
1597 5566 1616 5603 a
1630 5550 1769 5614 Creatorer
1782 5547 1840 5601 dae

188 5630 287 5685 nenrpe
301 5616 371 5671 uictu
384 5623 412 5671 et
426 5616 536 5681 vestitu,
548 5617 668 5672 contenti
683 5633 742 5673 esse
755 5616 901 5672 debeamus
921 5635 927 5671 :
943 5617 985 5672 al·
1040 5633 1136 5689 oorpua
1146 5620 1199 5673 ins
1214 5565 1352 5688 Ἧι,
1364 5622 1413 5676 illa
1422 5636 1483 5675 uero
1493 5623 1578 5675 mittit
1586 5623 1705 5675 animam
1714 5620 1743 5672 iu
1752 5620 1784 5672 in
1800 5633 1842 5672 er·

189 5686 986 5759 terameprincipioritaeetconditionisnostrm,alterama
1040 5704 1116 5744 num.
1133 5691 1173 5744 lta
1194 5689 1211 5746 il
1224 5705 1248 5747 e.
1269 5692 1355 5746 Porro
1373 5693 1406 5746 ad
1425 5691 1586 5764 ampliorem
1606 5689 1688 5764 bajus
1706 5688 1758 5744 loci
1779 5687 1841 5744 illu·

190 5757 244 5812 tine
258 5779 264 5814 :
278 5766 409 5828 quantuor
420 5757 632 5830 adprioeipium,
647 5760 898 5832 inquinamenta
909 5762 984 5815 tuta·
1041 5759 1202 5817 strationem
1233 5771 1387 5834 opportune
1419 5761 1464 5818 bic
1494 5761 1672 5834 subjicientur
1706 5758 1840 5817 nonnulla
