3848 6158
132 282 200 337 loto
447 272 617 331 consilto
637 274 731 330 xvllt.
749 301 785 317 -
805 274 849 329 DE
868 272 991 333 TRIBUS
1007 276 1201 333 tenuamus
1218 277 1470 336 MONACMORUM.
1718 288 1786 343 toto

128 402 285 468 Mentore,
306 398 410 457 madidi
434 397 612 472 deputandas.
636 399 773 457 Posterior
792 397 929 471 siquidem
941 404 968 467 Α
982 415 1031 472 pro
1043 400 1200 459 conditione
1211 402 1335 459 locorum
1345 411 1472 461 aestates
1482 404 1526 461 sui
1538 420 1666 463 menmra
1677 408 1785 480 plenius

130 508 250 554 vmtrum
265 496 342 551 illam
355 493 549 550 coeuobiorum
562 501 682 551 sanctam
701 500 782 565 atque
792 494 931 565 egregiam
983 494 1165 552 instruantur.
1180 494 1288 565 Quibus
1302 496 1356 553 hoc
1370 498 1538 569 praecipuum
1551 498 1668 557 oonmllt
1682 515 1785 572 praece·

130 590 303 663 disciplinam
315 588 344 643 in
358 586 506 659 provinciis
517 587 670 645 Gallicanis
680 588 854 659 antiquarum
874 589 932 645 vir·
983 586 1051 644 dens
1064 589 1146 645 vestri
1162 588 1262 646 laboris
1274 589 1419 659 industria,
1432 600 1464 647 ut
1475 591 1562 663 parati
1578 592 1639 666 iam
1653 602 1737 667 atque
1755 595 1783 651 in

59 720 64 725 -
131 693 223 741 tutum
239 682 411 739 districtione
430 680 571 747 fundavit;
584 680 676 738 caeteri
689 697 754 738 sero
770 698 825 737 non
841 682 930 739 solum
983 682 1080 740 iisdem
1090 684 1225 741 exercitiis
1238 683 1412 756 deprehensi,
1425 680 1531 742 facilius
1544 694 1678 759 precepta
1687 690 1781 745 senio-

130 776 314 835 eoenohialem
330 772 526 847 professionem
541 774 665 846 apprime
681 775 832 831 monachos
846 790 931 847 erpe-
982 790 1046 832 rum
1056 784 1137 848 atque
1149 777 1272 835 instituta
1285 778 1448 851 suscipiant,
1460 774 1474 811 't
1487 779 1616 853 ipsosque
1630 780 1658 837 in
1671 782 1781 839 cellans

130 882 199 940 tere,
214 886 310 927 renam
322 868 404 925 etiam
417 867 637 925 anachoreticam
647 867 721 925 sitire
733 867 931 925 sublimitatem
983 886 1047 928 suas
1072 881 1200 930 suctores
1220 873 1398 930 collationum
1423 890 1487 932 rum
1512 875 1580 947 ipsis
1601 875 1779 934 collationum

131 967 227 1023 vestris
242 962 461 1021 institutionibus
476 961 656 1034 provocastis.
670 965 708 1019 lia
719 978 838 1035 namque
848 963 929 1021 eolla·
984 965 1167 1023 voluminibus
1177 967 1352 1038 recipientes,
1365 976 1393 1024 et
1401 967 1564 1040 quotidianis
1573 969 1781 1041 quodammodo

131 1063 220 1116 tiones
229 1059 288 1115 istae
297 1074 473 1115 summorum
484 1060 595 1115 Petrum
605 1058 789 1131 disputatione
795 1066 930 1115 contexta
983 1074 1048 1114 cum
1062 1060 1101 1115 eis
1115 1059 1374 1131 interrogationibus
1389 1077 1422 1117 ac
1435 1062 1573 1134 responsis
1583 1063 1778 1136 colloquentes,

129 1163 207 1221 sunt,
221 1155 294 1209 etita
307 1153 334 1209 in
345 1153 476 1209 omuibus
486 1162 655 1224 temperata,
669 1161 700 1208 ut
708 1153 816 1224 utrique
827 1152 931 1224 proles·
983 1166 1040 1206 non
1054 1152 1171 1224 propriis
1188 1152 1426 1209 adinventionibus
1439 1154 1555 1212 arduam
1573 1155 1654 1213 istam
1667 1166 1697 1214 et
1710 1158 1785 1215 inco·

129 1246 219 1315 sioni,
245 1262 299 1319 qua
322 1261 379 1301 non
398 1247 489 1302 solum
513 1247 640 1303 occiduas
664 1246 804 1317 regiones,
833 1261 928 1301 verum
984 1244 1089 1317 gnitum
1103 1244 1190 1301 terme
1200 1245 1229 1300 in
1243 1244 1295 1301 hac
1308 1246 1419 1319 regione
1431 1254 1559 1319 appetant
1575 1249 1716 1315 viamsed
1732 1267 1782 1322 pc-

129 1339 357 1404 etiam⁸insulas,
368 1339 495 1396 maximis
506 1338 624 1397 fratrum
638 1340 756 1397 catervis
764 1337 871 1395 fecistis
882 1338 932 1393 llo-
984 1339 1133 1396 riculosam
1151 1339 1236 1395 etiam
1257 1338 1322 1405 illic,
1348 1339 1396 1396 ubi
1419 1339 1478 1411 jarn
1500 1340 1634 1398 tritissimi
1657 1343 1783 1400 calleret

129 1449 200 1499 reve,
216 1433 393 1497 eorrvmianm
411 1432 503 1501 idest,
521 1442 621 1491 utnon
637 1433 729 1487 solum
743 1432 770 1487 hi
782 1432 829 1503 qui
841 1431 931 1488 adhuc
983 1432 1129 1490 innumera
1148 1433 1360 1505 praecedentium
1373 1434 1496 1507 exempla
1509 1450 1566 1491 non
1585 1435 1696 1504 demat,
1712 1452 1782 1493 ana-

130 1528 161 1585 in
182 1532 393 1602 congregatione
422 1528 549 1584 laudabili
574 1526 744 1599 subjectione
770 1525 928 1600 perdurant,
983 1528 1128 1583 morescos
1141 1525 1313 1598 disciplinam
1335 1526 1445 1585 illorum
1457 1528 1548 1600 potius
1568 1530 1709 1602 praeceptis
1734 1546 1783 1587 ca-

129 1623 177 1681 sed
191 1622 274 1679 etiam
290 1622 329 1679 illi
341 1622 389 1693 qui
400 1620 471 1677 haud
484 1621 562 1693 longe
576 1620 844 1679 svestrisooenobiis
859 1635 930 1677 eece
982 1626 1245 1693 perecansuescant,
1256 1619 1361 1691 quasin
1372 1620 1500 1677 omnibns
1509 1628 1538 1676 et
1549 1621 1661 1693 antiqua
1672 1623 1782 1681 traditio

129 1717 224 1775 dmtes
244 1716 473 1775 anachoretarum
488 1716 584 1772 sectari
609 1717 729 1789 genum
742 1714 927 1788 disciplinam,
981 1724 1010 1771 et
1024 1716 1112 1787 longae
1124 1713 1299 1787 experientiae
1310 1714 1441 1771 instruxit
1457 1714 1602 1773 industria.

678 1832 807 1888 attunt
824 1832 938 1889 GAZAEI
955 1830 1236 1888 COMMENTARIUS.

165 1949 178 1975 ¹⁸
192 1938 295 1995 lnsulas
308 1953 406 2010 nempe
421 1936 583 1994 Stoechadas
603 1937 630 1994 in
644 1936 715 1993 mari
739 1937 847 1993 Gallico
860 1936 928 1993 sitas
944 1942 968 2005 Β
982 1944 1072 2003 tanea,
1086 1942 1118 1992 ut
1130 1933 1259 1991 monachi
1272 1950 1370 1992 omnes
1380 1934 1598 1995 hascollationes
1611 1952 1780 1997 cumeorum

132 2018 160 2065 et
172 2019 228 2065 tarn
243 2010 338 2066 herine
354 2025 438 2081 quam
457 2009 518 2063 aliis
537 2008 650 2075 vicinas,
663 2018 691 2064 et
709 2024 808 2079 mapna
827 2023 928 2064 mona·
982 2007 1151 2072 auctoribus,
1165 2008 1268 2062 sanctis
1280 2007 1409 2064 videlicet
1419 2008 1543 2081 patribus
1560 2018 1588 2066 et
1598 2008 1771 2067 anachoretis

132 2081 249 2137 eborum
274 2080 423 2152 frequentia
451 2089 480 2135 et
507 2080 652 2136 sanctitate
674 2080 818 2150 florerrtes,
832 2079 931 2150 quihus
984 2078 1012 2133 in
1027 2093 1093 2134 suas
1107 2077 1221 2133 cellulas
1240 2076 1354 2133 libenter
1368 2085 1396 2135 et
1410 2079 1487 2136 avide
1507 2080 1644 2152 excipiant
1663 2090 1692 2137 ct
1709 2051 1783 2155 apud

132 2150 202 2209 hanc
217 2153 327 2209 tertiam
341 2150 518 2207 collationum
529 2150 644 2207 classem
656 2154 760 2207 Auctor
772 2150 930 2215 destinavit,
983 2165 1014 2205 se
1028 2149 1183 2205 retineant:
1199 2148 1321 2218 quotidie
1332 2164 1395 2204 cum
1409 2150 1462 2206 illis
1471 2150 1664 2224 colloquantur
1678 2159 1706 2209 et
1718 2170 1785 2209 con-

131 2231 163 2278 ut
177 2224 235 2294 ipse
246 2232 360 2279 testatur
373 2223 401 2277 in
411 2239 458 2278 sua
472 2220 632 2293 praelatione
647 2222 681 2275 ad
692 2222 867 2277 collationem
878 2238 931 2277 un·
983 2218 1150 2281 fabulentur,
1167 2234 1215 2274 eos
1229 2217 1397 2291 interrogem
1411 2228 1438 2276 et
1453 2236 1550 2277 eorum
1563 2236 1692 2293 responsa
1708 2223 1782 2279 acci—

130 2294 277 2359 decimam,
291 2293 329 2351 ita
346 2296 522 2349 Honoratum
544 2292 700 2364 episcopum
715 2300 743 2348 et
765 2291 929 2348 Eucherium
985 2293 1074 2362 piant;
1090 2290 1165 2347 utab
1178 2289 1329 2358 eiusdemi,
1345 2288 1519 2361 perfeetionis
1532 2292 1785 2349 riamahcirnoa·

130 2365 272 2437 alloquens
286 2385 294 2420 t
306 2367 337 2423 Si
350 2380 411 2419 cero
422 2369 543 2419 structam
556 2364 641 2419 studii
651 2366 734 2418 testei
743 2364 882 2418 se'timlvee
891 2379 930 2417 sn-
984 2371 1097 2418 stratam
1122 2369 1149 2415 et
1164 2361 1298 2416 calcatam
1318 2362 1488 2432 propensius,
1504 2364 1629 2419 secunus
1649 2361 1782 2421 incedant.

132 2438 201 2491 tiore
214 2453 268 2492 nore
281 2436 428 2507 quieverint,
446 2439 545 2559 seprtein
564 2435 627 2489 elie
641 2434 804 2499 collationes,
821 2448 881 2501 qnae
893 2433 931 2487 ed
984 2436 1054 2489 biam
1078 2434 1231 2487 collectiones
1250 2434 1374 2499 Pertinere,
1387 2438 1413 2487 et
1429 2435 1568 2498 destitute,
1581 2439 1606 2489 et
1617 2437 1676 2489 vito
1693 2450 1784 2491 eonem

129 2506 468 2577 seramosqniinstechedi
485 2508 670 2560 usoonnstunt
680 2505 933 2559 insitlisemittenvlve
987 2505 1035 2567 (ait
1049 2511 1141 2559 noster
1157 2505 1191 2558 l).
1208 2502 1368 2558 Benedictus
1380 2518 1476 2559 eorrtm
1492 2505 1636 2561 amarlator
1649 2512 1677 2560 et
1690 2505 1785 2561 imita-

130 2582 209 2639 snnt.
221 2581 340 2647 tratres,
351 2576 531 2639 medellam,
545 2582 576 2631 et
586 2578 714 2643 arbitror,
728 2577 814 2630 uestri
824 2576 932 2630 ardoris
986 2584 1032 2632 tor
1044 2574 1186 2640 eximius).
1200 2574 1268 2642 qnid
1281 2574 1360 2629 eliud
1372 2579 1446 2637 saint,
1458 2577 1514 2631 enisi
1530 2578 1593 2631 bene
1604 2578 1749 2633 ementium
1758 2582 1785 2632 et

132 2649 289 2754 erplchniat.
986 2647 1163 2701 obedientium
1171 2644 1358 2699 monarchorum
1368 2644 1492 2716 eaemplvr
1504 2652 1530 2701 et
1540 2649 1785 2703 instmtmerttaeir-

194 2720 240 2775 Pia
256 2716 373 2774 naonitio
383 2725 411 2774 et
427 2716 546 2775 hortatio
558 2732 621 2774 meo
633 2716 728 2774 itidem
742 2725 805 2773 volo
818 2732 932 2773 eonsen—
986 2723 1074 2771 tntem
1088 2720 1159 2785 (lien.
1175 2730 1235 2785 cup.
1250 2715 1324 2785 alu).

391 2954 782 3055 COLLATIO
819 2954 1133 3056 DECIMA
1173 2952 1522 3071 OCTAVA,

690 3126 768 3199 uua
786 3127 837 3189 est
854 3122 1059 3191 Piammonis
1079 3122 1223 3191 abbatis.

318 3262 359 3315 DE
376 3262 491 3317 luleus
508 3262 657 3329 rtnllqvls
675 3264 856 3318 GENERIBUS
872 3266 1111 3331 uonscllultetl,
1130 3268 1170 3319 ET
1187 3265 1315 3328 Quanto
1334 3266 1439 3319 NMPEM
1454 3264 1593 3319 EXORTO.

377 3508 498 3563 CAPUT
520 3506 679 3563 Pltlblllll.
945 3507 968 3571 c
985 3503 1066 3560 minis
1076 3502 1153 3561 ostiis
1164 3500 1364 3569 imminentem,
1375 3509 1494 3559 nonmm
1506 3498 1609 3560 itineris
1622 3498 1784 3560 necessitate

132 3602 356 3672 Qetcmndmodum
367 3607 474 3660 ltiolcon
484 3608 617 3660 sementes
630 3602 768 3659 nhtrbbete
777 3606 931 3659 Piemnaonc
984 3613 1068 3671 quam
1080 3594 1213 3657 desiderio
1227 3604 1385 3654 sanctornm
1397 3598 1451 3655 illic
1462 3599 1696 3655 commorantium
1710 3615 1783 3655 com-

396 3678 496 3747 rev-epti
515 3678 662 3744 serarianas.
985 3692 1111 3763 pellente,
1134 3690 1323 3765 pervenimus.
1342 3692 1411 3749 Cum
1425 3692 1499 3749 enirn
1519 3692 1593 3749 velut
1614 3689 1782 3764 cupidissimi

165 3789 232 3843 Post
241 3795 418 3859 conspectum
434 3795 518 3857 atque
536 3786 706 3859 colloquium
720 3786 804 3843 trium
819 3786 929 3843 illorum
986 3794 1152 3843 mercatores
1164 3784 1281 3857 plurima
1293 3783 1348 3842 illic
1359 3783 1590 3857 celeberrimaque
1604 3784 1730 3842 coenobia
1749 3783 1784 3840 ab

129 3896 237 3951 senum,
262 3897 380 3954 quorum
404 3882 581 3949 collationes,
605 3890 699 3939 sancto
726 3880 811 3937 tratre
833 3890 928 3938 nostro
984 3879 1103 3952 antiquis
1124 3880 1323 3939 audivissemus
1344 3877 1467 3950 patribus
1494 3877 1634 3943 instituta,
1652 3876 1783 3933 condano

128 3972 261 4030 Eucherio
275 3974 465 4046 compellente,
492 3982 642 4044 utcumque
664 3972 838 4045 digessimus,
865 3988 928 4029 cum
983 3970 1661 4047 quasinavigationeminquisitionisincertae,sps
1672 3968 1787 4041 majoris

130 4067 216 4123 etiam
235 4067 371 4124 ulterioris
386 4068 493 4141 ellgypti
513 4077 621 4141 partes,
645 4067 792 4140 inquibus
813 4066 929 4138 amplior
983 4066 1052 4123 lucri
1070 4066 1262 4139 persuadente,
1277 4065 1458 4135 suscepimus.
1471 4064 1529 4123 Ubi
1551 4080 1614 4121 cum
1629 4062 1784 4121 diutissime

130 4168 212 4233 atque
237 4160 384 4233 perfectior
405 4172 565 4218 sarretorum
585 4176 718 4217 numerus
744 4161 928 4223 commeabat,
984 4158 1148 4216 lluctuantes
1162 4158 1197 4216 ad
1211 4158 1273 4215 illos
1291 4158 1424 4215 rirtvrtum
1436 4158 1606 4238 sublimitate
1621 4156 1784 4228 conspicuos

130 4252 235 4326 majore
258 4254 401 4328 flagrantia
423 4256 641 4313 desideraremus
656 4262 791 4327 expetere,
808 4262 821 4287 ⁸
835 4253 870 4310 ad
889 4253 930 4307 vi·
983 4260 1092 4308 montes
1102 4251 1222 4324 undique
1234 4250 1329 4307 oculos
1338 4249 1522 4317 tenderemus,
1534 4250 1681 4307 abbatemb
1693 4249 1783 4305 Piam-

130 4361 195 4403 cum
208 4346 251 4403 cui
264 4363 368 4404 nomen
380 4357 422 4405 est
437 4350 564 4417 Dioleos,
578 4348 626 4405 nni
638 4364 669 4404 es
687 4354 790 4420 septem
807 4346 858 4402 ltili
877 4346 930 4402 llu-
984 4360 1097 4402 monem
1118 4345 1243 4403 omnium
1256 4343 1485 4402 anaclroretarum
1501 4344 1556 4401 illic
1572 4340 1784 4401 inhabitantium

678 4464 806 4520 abluet
824 4464 936 4519 anlll
956 4463 1236 4519 COMMENTARIUS.

166 4578 178 4605 ⁸
193 4572 233 4625 De
247 4570 299 4626 hoc
312 4570 370 4626 vieo
393 4572 436 4627 vel
453 4570 553 4653 oppido
568 4572 632 4627 alias
648 4572 753 4628 dictum
770 4579 811 4626 est
832 4572 900 4635 (Lib.
914 4587 931 4623 v
984 4573 1291 4633 arornincPinmmoncm,
1305 4574 1387 4627 totius
1402 4571 1599 4626 harnilitetrset
1610 4570 1671 4625 ben‘
1688 4568 1784 4623 nitetis

131 4643 197 4696 last.
215 4656 238 4695 c.
256 4644 317 4709 tuh
331 4642 361 4697 in
381 4658 436 4714 quo
450 4645 639 4698 Pramnronem
658 4643 784 4698 abbatem
799 4643 930 4699 claruisse
984 4642 1658 4709 atramentareiscolvansei-elatiorempremam.
1704 4640 1785 4707 nique

130 4712 299 4768 mzamenus
312 4721 341 4769 et
355 4713 524 4785 nicephorus
537 4721 682 4769 testantur.
985 4715 1104 4783 qrrcdnm
1115 4719 1241 4784 tempore.
1254 4730 1315 4769 cnm
1326 4712 1601 4781 bernirtasacritlcinm
1611 4708 1730 4778 offerret,
1743 4710 1783 4762 ei-

156 4775 180 4863 ‚¹'
191 4782 345 4847 Piammon,
361 4801 416 4839 non
432 4784 558 4850 Piamon,
573 4784 717 4855 legendum
730 4798 788 4839 esse
802 4783 934 4839 admonet
987 4786 1029 4839 dit
1037 4786 1165 4853 errpclnm
1173 4783 1429 4852 liciatuntemJ'uatn
1437 4782 1535 4849 altere,
1543 4786 1568 4833 et
1575 4778 1785 4861 reniuscnjesqne

131 4852 323 4920 ciaconius,en
332 4855 615 4913 Graecisauetoribus.
629 4857 775 4910 listautrm
786 4853 829 4910 hic
840 4855 933 4911 Piam-
986 4855 1364 4911 rnoneclroinmneccdentiem
1374 4850 1784 4906 adulterescra'hentemtamarae

131 4936 209 4991 mon,
221 4924 323 4997 dequo
335 4928 460 4999 superius
474 4926 567 4981 habita
580 4925 695 4990 mentio,
711 4924 755 4981 ubi
770 4924 827 4995 ejus
840 4926 931 4981 hnmi·
986 4927 1015 4979 in
1028 4926 1096 4979 libro
1106 4940 1186 4993 quem
1201 4924 1304 4979 terrebat
1314 4924 1345 4977 in
1357 4920 1493 4984 maenibus,
1505 4920 1682 4993 quoramdem
1695 4926 1784 4975 temen

132 4992 192 5049 litas
211 5001 237 5050 et
247 4997 369 5053 studium
383 4995 506 5069 tegendae
514 4997 639 5121 propriae
653 4994 826 5067 perfeetionis
840 5002 868 5051 et
880 4978 971 5051 arr-l)
987 4996 1216 5051 emerseritentem.
1228 4992 1505 5063 Crtmqnedilipcnter
1516 4992 1782 5056 sternutamentis,

129 5066 263 5123 steritatis
276 5068 407 5123 retertur.
425 5068 465 5123 lle
479 5084 513 5123 eo
532 5083 576 5122 ena
592 5069 762 5123 sozomenus
777 5065 835 5123 haec
849 5066 932 5122 habet
986 5069 1132 5135 quiessent
1150 5080 1265 5135 quornm
1279 5067 1389 5121 atemere
1402 5081 1454 5119 raon
1465 5067 1624 5135 scripsisset,
1640 5068 1784 5135 postquem

131 5138 198 5203 (bib.
207 5152 239 5193 vt
249 5154 272 5193 c.
284 5142 335 5203 ²93
349 5140 460 5209 rl'ievpb.
477 5140 496 5191 l.
507 5152 539 5193 xi
551 5142 626 5203 eti)
641 5157 647 5191 :
662 5140 800 5193 lurrnrnon
813 5143 839 5191 et
850 5141 931 5192 lenatia·
986 5142 1049 5192 stent
1059 5136 1190 5207 completa
1199 5139 1784 5207 mpsterr'n,unnmqnernqneeorurnseomren

128 5222 175 5262 raes
191 5210 220 5263 ivl
235 5212 364 5279 temporis
376 5226 481 5280 quoqne
493 5212 600 5263 circiter·
614 5208 719 5261 bicinis
732 5210 852 5278 AEqpptn',
865 5210 931 5262 cele-
986 5223 1091 5273 cocens,
1108 5213 1301 5278 percunctatur
1315 5208 1384 5277 qnid
1405 5209 1441 5262 nb
1461 5211 1499 5261 eis
1522 5206 1662 5260 inocculto
1680 5205 1785 5273 peceati

130 5278 256 5333 herrimis
272 5283 409 5349 pavescere
419 5282 587 5336 momentariis
592 5298 605 5347 ,·
619 5282 828 5349 acquisitissrine
841 5284 932 5333 teretem
986 5278 1784 5348 (unsvetedmr'ssum;etdeceritencovttessionennumqeem·

129 5351 283 5405 sacerdotio
299 5354 463 5423 (presbyteri
470 5354 541 5405 sertim
550 5356 637 5417 erent)
648 5358 672 5405 et
686 5366 852 5407 summersam
863 5366 931 5405 reee-
986 5368 1038 5420 qne
1051 5367 1143 5406 eorum
1155 5352 1259 5421 qmecerti
1270 5350 1392 5403 mortalis
1402 5350 1556 5401 ebruna-inm.
1573 5346 1646 5401 Tune
1658 5346 1784 5400 bortatur

129 5424 477 5492 rentiepeesnnqebuaetite.
487 5423 696 5479 Traditumeero
709 5429 747 5479 est
755 5425 932 5477 Ptirmmonem
986 5438 1028 5475 eris
1041 5424 1228 5491 precedentium
1239 5436 1328 5490 apere,
1340 5421 1539 5487 etsemetipsum
1551 5417 1653 5471 cnmess
1662 5422 1724 5471 ante
1737 5418 1785 5473 De

129 5494 248 5561 quodem
261 5499 388 5564 tempore,
403 5510 464 5549 cerva
478 5511 585 5550 saevum
602 5496 728 5562 secubet,
743 5494 842 5547 cidisse
858 5494 929 5545 eirca
985 5495 1275 5562 nairirrmprnsternens,
1287 5492 1332 5543 atae
1344 5494 1464 5548 nannete,
1481 5494 1620 5557 terrnqnum
1633 5488 1728 5560 ipsein
1739 5502 1783 5541 eo-

130 5579 237 5619 sueram
256 5580 376 5619 mensem
393 5570 509 5623 stenkvn
532 5566 657 5635 vrrrqelnm
672 5567 731 5623 leel.
747 5570 772 5617 et
791 5564 932 5617 aaoaaralaos
987 5578 1049 5617 neten
1058 5562 1399 5633 peccetisessctobnoaius,
1411 5560 1492 5629 {leben
1503 5564 1529 5614 et
1540 5558 1784 5629 tomdinpcrnren-

126 5639 275 5704 pavesentcs
290 5639 320 5690 in
339 5635 407 5691 libro
421 5638 572 5708 scripsisse,
586 5639 705 5691 abstentos
716 5634 848 5689 eevoa'nde
861 5634 931 5687 dete-
986 5636 1023 5687 sit
1043 5650 1102 5689 eram
1115 5634 1152 5687 crs
1167 5635 1197 5686 in
1217 5633 1376 5702 penitentie
1390 5636 1415 5685 et
1434 5630 1571 5699 tecturae,
1590 5630 1672 5687 ‹tertec
1687 5632 1783 5685 itemtm

129 5708 209 5761 aisse
222 5707 268 5762 Sic
278 5708 331 5762 ille.
347 5707 443 5763 Atboc
453 5706 527 5763 idem
535 5709 690 5781 exemplum
703 5707 732 5762 in
742 5704 810 5760 Vitis
818 5708 932 5760 Patrem
987 5705 1089 5759 eata-er
1104 5704 1224 5759 cumdem
1238 5703 1364 5773 unqclum
1377 5706 1528 5757 staretstart
1545 5703 1702 5757 scribentem
1713 5712 1785 5753 ccco

130 5777 213 5847 paulo
221 5779 329 5849 plenius
341 5786 370 5834 et
378 5776 532 5834 accuratius
540 5787 684 5834 enarratur
692 5778 721 5833 in
735 5776 808 5832 barre
816 5774 932 5831 modum
987 5776 1108 5831 decentiam
1120 5778 1455 5845 nonninu‚ctpostenqamm
1463 5774 1582 5829 matium
1591 5772 1709 5843 scripsit,
1720 5774 1783 5823 tuate

132 5846 201 5919 (lio.
218 5864 241 5905 u
254 5866 277 5905 c.
296 5852 342 5919 32)
361 5868 368 5905 :
389 5850 515 5905 Vidimus
529 5850 718 5905 (admirabilem
728 5848 931 5919 presbeterum,
986 5846 1341 5903 cterrnillosecnominites
1351 5839 1783 5903 mocvrntemetadrecencitietio·
