3848 6158
142 209 210 265 luite
656 202 827 261 coemtio
845 202 928 261 xvii.
946 229 983 243 ·-
1000 201 1046 259 DE
1064 202 1284 261 narraturum
1727 206 1796 265 luet

140 341 183 390 est
193 338 322 389 nostruin
332 344 385 387 nos
396 329 535 403 praeterire
547 344 725 395 sennonem,
743 344 825 403 quam
838 328 877 385 rei
893 342 938 385 sa·
951 327 981 398 A
993 327 1113 387 innabile
1124 335 1175 387 eet.
1189 331 1232 386 De
1244 328 1300 387 illis
1314 344 1378 387 iero
1392 329 1581 401 corporalibus
1590 329 1726 389 exaudis
1734 346 1796 403 quae

140 426 272 484 lubrioris
282 440 315 482 ae
325 425 378 497 piae
390 424 482 481 subire
490 425 637 497 pacturam.
653 424 777 496 Denique
787 434 940 495 numquam
993 421 1029 479 ad
1041 423 1180 479 modicum
1195 422 1326 481 dicuutur
1338 438 1398 481 esse
1410 423 1517 491 utilia(l
1531 426 1600 481 iim.
1616 423 1671 496 rt),
1685 424 1722 481 ita
1742 433 1794 495 est,

139 520 314 580 redonabiles
327 535 360 577 ac
376 519 507 592 probatos
522 526 615 591 patres
634 517 719 574 duros
730 525 779 574 aut
799 518 940 575 irrevoca-
994 524 1025 571 ut
1033 516 1163 586 diximus,
1171 515 1430 583 statuendum,utsi
1440 532 1493 590 qua
1501 518 1687 589 supervenerit
1694 517 1796 576 eertim

140 615 210 671 biles
218 614 245 671 in
254 608 940 688 hujusmodidellnitiouibusluisseremiuiseimur;
995 609 1105 683 pietatis
1120 610 1228 667 occasio
1242 626 1304 683 quae
1320 610 1365 668 iila
1380 609 1493 669 suadeat
1501 608 1632 681 relaxari,
1651 610 1727 668 nulla
1745 626 1795 668 su-

140 708 188 767 sed
198 709 275 765 uelut
285 723 377 765 oerum
390 706 480 765 calore
491 705 568 773 solis,
580 706 675 763 itaeos
685 705 792 763 ratione
805 705 940 771 mollitos,
995 720 1044 776 per
1069 704 1113 761 bis
1123 705 1181 777 lege
1204 713 1355 772 teneamur,
1371 703 1420 761 sed
1437 704 1627 777 pretermissis
1646 703 1687 761 eis
1697 703 1733 763 ad
1743 704 1796 761 uti-

139 799 360 858 etintereedeute
370 800 523 857 salubriore
537 799 653 856 consilio
672 796 833 855 melioribus
855 796 940 869 pacti·
994 797 1063 855 liora
1088 798 1173 856 libere
1187 807 1366 857 unuseamue.
1387 798 1492 855 inillis
1512 796 1585 853 enim
1606 796 1795 871 corporalibus

139 892 191 950 bue
212 894 273 951 sine
296 891 467 951 hesitatione
484 892 609 949 cessisse.
635 894 830 964 Quoscumque
847 898 940 948 autem
994 892 1131 950 exercitiis
1143 933 1151 961 ,
1163 892 1186 949 si
1212 908 1262 965 pro
1274 901 1400 964 tempore
1422 891 1623 963 relinquantur,
1641 888 1794 962 periculum

139 985 258 1044 vidimus
276 984 482 1043 delinitionibus
501 984 561 1043 suis
586 985 765 1057 pertinaciter
790 984 938 1050 inhaerere.
993 1000 1049 1043 uon
1065 993 1121 1053 est;
1136 985 1171 1041 eb
1184 986 1226 1043 bis
1238 1001 1302 1043 iero
1317 984 1352 1044 ed
1367 993 1540 1043 momentum
1554 982 1705 1041 declinasse
1716 998 1795 1042 mor-

140 1080 341 1138 irrationsbiles
368 1094 478 1154 semper
501 1079 676 1153 probavimus
701 1095 734 1137 ae
765 1078 941 1138 discretionis
992 1077 1105 1136 tiferum
1119 1087 1171 1137 est.

140 1184 274 1248 expertes.
1272 1176 1396 1235 CAPUT
1413 1178 1509 1233 xxx.

395 1270 516 1326 CAPUT
536 1270 671 1325 XXVffl·
1028 1292 1258 1362 Quemadmodum
1275 1292 1388 1348 eeluodu
1402 1293 1466 1346 eliis
1486 1292 1618 1347 conimitti
1634 1292 1758 1347 debemit.

140 1372 939 1444 interspatiaoutsimmriiia'iimpmutetusemmtitailluu
1256 1418 1263 1432 .
1296 1418 1323 1433 ..
1402 1418 1408 1431 .
1788 1418 1794 1431 .

280 1446 351 1515 qm
362 1445 473 1508 didm„
483 1447 581 1501 gum„-
592 1451 618 1501 ,p
630 1446 727 1512 smmi,
742 1452 795 1501 020,
1031 1422 1093 1477 lloc
1113 1434 1223 1493 qnoque
1240 1419 1323 1475 manili
1337 1428 1466 1475 cautione
1480 1418 1634 1476 curandum
1654 1428 1708 1487 est,
1730 1426 1762 1475 ut
1772 1432 1795 1474 si

173 1548 329 1605 Germanus
344 1567 351 1604 ε
366 1552 506 1621 Quantum
521 1548 555 1605 ad
574 1548 644 1605 bane
665 1548 803 1605 rationem
821 1546 939 1619 pertinet
995 1515 1057 1587 ‘¹⁰³⁵
1077 1514 1191 1571 smum
1210 1528 1302 1570 “rm
1323 1528 1405 1586 qum
1423 1527 1483 1569 ⁰⁸⁸⁰
1501 1512 1584 1569 “¹¹⁶⁸
1604 1512 1743 1570 ⁰⁰⁰¹¹¹¹¹¹m
1759 1512 1795 1569 ‘¹⁶

137 1658 200 1717 quer
217 1644 357 1701 evidenter
376 1646 543 1718 copioseque
561 1643 666 1717 digesta
680 1644 810 1711 estnihil
828 1651 938 1715 oportet

138 1738 306 1795 monaebum
318 1737 446 1804 delinire,
460 1753 495 1794 ne
508 1747 556 1796 aut
573 1738 766 1811 prevaricator
783 1737 935 1796 inveniatur
950 1749 975 1815 Β

137 1838 187 1887 aut
201 1831 331 1903 pertinax.
354 1834 390 1887 Et
414 1831 459 1887 ubi
482 1830 551 1888 illud
570 1830 722 1888 Psalmistar
746 1831 937 1903 postponimus

138 1924 287 1997 eloquium,
301 1927 401 1981 trirum'
413 1930 438 1981 et
459 1929 546 1981 statui
559 1927 692 1982 oistodi're
702 1927 812 1996 judicio
821 1927 939 1996 jiisti'tim

140 2024 194 2073 turc
208 2020 290 2090 (Ptol.
305 2019 514 2089 cxviiithuid
527 2028 569 2075 est
581 2019 654 2075 enim
665 2018 740 2075 aliud
748 2018 879 2091 iurareet
889 2028 940 2075 sta·

138 2119 224 2179 tuere,
239 2127 322 2185 quam
337 2109 450 2168 definita
464 2110 642 2167 immobiliter
655 2111 812 2168 custodire?

411 2218 532 2275 CAPUT
558 2218 670 2275 XXIX.

141 2320 331 2388 desperatam
344 2320 588 2387 quibusimmobili'a
602 2320 720 2389 depisitio
727 2321 762 2374 sit
777 2319 900 2385 teiteiulu,
913 2322 938 2374 et

261 2391 408 2461 inquibus,
419 2393 445 2445 si'
455 2393 613 2461 oportuerit,
624 2390 810 2447 rescindendo.

170 2490 273 2563 Josepb
285 2511 294 2547 e
308 2493 367 2549 Nos
380 2502 457 2550 *non
469 2491 503 2550 de
514 2491 710 2566 principalibus
722 2489 870 2561 mandatis,
880 2491 938 2548 sina

137 2584 237 2657 quibus
252 2601 309 2642 non
328 2594 418 2659 potest
439 2587 513 2644 salus
525 2595 616 2645 riustm
637 2588 751 2644 omnino
771 2585 935 2654 subsistere,

136 2679 187 2735 ista
200 2678 382 2751 decernimus,
402 2681 452 2737 sed
465 2680 499 2737 de
514 2680 556 2738 liis
565 2695 628 2753 qum
641 2681 701 2738 sine
715 2679 837 2754 periculo
850 2687 937 2736 status

136 2772 224 2828 noemi
246 2773 368 2830 relaxare
385 2788 546 2845 possumus,
568 2774 609 2830 rel
627 2784 745 2832 tenere:
767 2783 797 2830 ut
819 2783 883 2847 puta
902 2772 936 2830 de

138 2864 278 2920 irremisso
294 2867 385 2937 rigore
404 2867 516 2940 jejunii,
537 2866 573 2927 de
585 2866 641 2925 rint
658 2867 716 2927 n've
731 2868 784 2927 olei
807 2876 935 2941 perpetua
1243 2902 1250 2941 ¹.

139 2954 313 3023 abstinentia,
326 2958 360 3013 de
374 2975 518 3031 progressu
535 2934 640 3017 cellula
652 2960 758 3032 penitus
770 2958 936 3027 cohibendo,
1230 2962 1235 2969 '
1248 2954 1257 2969 ““
1265 2920 1389 2979 mm
1408 2921 1517 2978 XXXI·

136 3047 172 3104 de
187 3047 314 3104 lectionis
323 3064 371 3105 seu
381 3050 565 3107 meditationis
576 3051 727 3109 incessabili
739 3053 865 3125 iugitate,
875 3068 937 3124 quae
989 3039 1067 3098 Νὒῑῑῖ
1077 3053 1158 3110 iiim
1169 3037 1212 3093 '¹¹⁸⁵
1226 3053 1287 3108 quur
1298 3038 1336 3092 αθ
1348 3053 1427 3122 “illm
1442 3038 1589 3094 fflmml‘lll'i
1600 3040 1664 3094 ΨΜ
1676 3041 1794 3094 “filiiflii

136 3141 197 3197 sine
207 3140 311 3213 jactura
325 3141 501 3214 professionis
519 3160 551 3201 ae
565 3146 695 3217 propositi
714 3147 801 3202 nostri
816 3155 844 3202 et
857 3162 933 3203 exer·
947 3164 971 3227 0
1292 3109 1484 3179 defi'lm‘dum'

136 3235 192 3291 ceri
205 3251 270 3292 eum
280 3236 387 3293 libuerit
401 3245 524 3309 possunt,
534 3246 562 3295 et
574 3254 638 3294 cum
652 3252 763 3295 necesse
777 3236 862 3295 luerit
873 3239 937 3297 irre
1025 3240 1061 3295 Et
1072 3236 1176 3295 idcirco
1190 3236 1259 3295 niliil
1272 3234 1352 3295 debet
1363 3236 1479 3310 abrupte
1488 3238 1641 3295 monachus
1654 3256 1736 3312 super
1747 3239 1792 3296 liis

136 3327 353 3400 prehensibiliter
376 3329 557 3403 pretermitti.
583 3332 721 3388 Caeterum
743 3346 825 3404 super
839 3334 935 3389 obser·
989 3330 1134 3388 dumtaxat
1147 3345 1210 3403 quae
1224 3329 1425 3401 adcorporales
1436 3331 1643 3387 exercitationes
1656 3333 1792 3404 pertinent

136 3422 226 3478 varitia
245 3422 354 3480 illorum
370 3424 557 3498 principalium
569 3424 764 3482 mandatorum
778 3426 937 3485 constantis
989 3423 1121 3491 delinire,
1140 3439 1175 3479 ne
1187 3422 1372 3479 aduersarium
1390 3421 1425 3477 ad
1438 3422 1676 3495 impugnationem
1694 3440 1790 3483 eorum

135 3513 204 3571 siim
217 3514 403 3574 definiendum
419 3527 475 3586 est,
490 3535 522 3575 ac
535 3535 584 3591 pro
595 3518 637 3576 his
651 3520 733 3576 etiam
748 3536 833 3589 mors,
847 3522 871 3577 it
884 3537 937 3578 ne.
988 3530 1051 3589 quie
1062 3515 1136 3572 velut
1146 3514 1197 3572 sub
1212 3514 1280 3587 legis
1294 3514 1482 3571 observatione
1496 3516 1628 3584 custodit,
1644 3518 1730 3590 magis
1743 3519 1789 3574 in-

135 3623 209 3665 cesse
222 3607 315 3679 fuerit,
330 3627 386 3667 non
398 3610 516 3679 vitanda,
531 3628 581 3685 pro
594 3613 692 3685 quibus
701 3614 881 3672 immobiliter
894 3625 937 3673 est
989 3611 1088 3677 siuns,
1103 3610 1184 3668 tillut
1195 3608 1339 3666 0³V10¹³lss
1352 3617 1475 3679 mittut·
1493 3609 1640 3683 Pifflslsstnt
1655 3612 1789 3685 liquidem

135 3701 295 3771 orandum,
306 3708 404 3761 teian·
417 3712 443 3761 ec
452 3711 547 3762 statar.
564 3707 646 3778 Quod
660 3708 717 3764 ueri
731 3710 812 3767 debet
824 3726 873 3782 pro
887 3727 936 3768 eu·
989 3705 1041 3761 sibi
1055 3704 1143 3779 legem
1153 3704 1336 3779 unuquisque
1345 3704 1396 3761 snb
1410 3704 1546 3762 libertatis
1555 3707 1641 3778 gratia
1653 3708 1789 3765 eonsum-

135 3794 223 3851 stodia
234 3796 384 3863 charitatis,
398 3815 447 3871 pro
457 3814 510 3870 qua
518 3800 672 3872 spernenda
681 3810 746 3857 sunt
756 3802 889 3873 universa,
900 3819 935 3860 na
989 3806 1045 3868 tus,
1071 3800 1222 3873 perniciosa
1242 3797 1419 3869 semetipsum
1437 3798 1540 3869 obligat
1553 3798 1693 3867 servitute,
1710 3810 1743 3855 ut
1758 3816 1789 3856 ea

134 3886 238 3943 bonum
259 3891 464 3960 tranquillitatis
485 3891 556 3947 illius
568 3890 752 3965 perfectioque
770 3897 934 3954 unculetur.
988 3893 1152 3966 quaelioite,
1165 3892 1251 3951 immo
1264 3891 1350 3947 etiam
1368 3888 1549 3957 laudabiliter,
1560 3904 1624 3945 eum
1639 3891 1788 3963 gratiarum

134 3979 320 4053 Similiterque
329 3980 479 4053 jurandum
490 3990 532 4037 est
549 3997 598 4053 pro
618 3984 785 4041 matimoniae
803 3988 933 4059 puritate,
989 3988 1095 4044 actione
1110 4000 1276 4059 praesumerc
1300 3983 1446 4057 potuisset,
1470 3983 1494 4039 si
1510 3983 1660 4039 necessitas
1674 3982 1789 4040 loturae

134 4087 186 4129 nco
198 4071 273 4128 aliud
284 4071 372 4130 facere
386 4089 439 4130 nos
452 4082 560 4146 oportet
572 4090 621 4147 pro
633 4074 703 4143 fide,
723 4093 773 4148 pro
786 4080 934 4140 sobrietate
986 4079 1161 4150 compulerit,
1173 4076 1248 4131 velut
1262 4084 1449 4146 transgressor
1458 4075 1598 4147 percipere
1610 4076 1789 4148 compellatur

134 4164 340 4237 atquejustitia,
354 4167 517 4240 quaomnia
530 4167 717 4227 indemutabili
733 4177 933 4243 perseverantia
988 4187 1053 4230 eum
1078 4168 1298 4243 prevaricatione
1318 4167 1429 4237 peceati.
1452 4166 1505 4222 t'bi·
1521 4172 1662 4224 enimuero
1680 4175 1719 4225 eet
1734 4172 1787 4238 lea,

133 4269 199 4317 suut
209 4259 338 4330 tenenda,
352 4269 380 4317 et
393 4253 407 4293 ¹³
419 4278 434 4317 a
450 4262 550 4334 quibus
564 4263 706 4337 paululum
719 4268 864 4327 recessisse
882 4271 933 4329 da-
987 4288 1035 4328 aee
1046 4266 1235 4341 pravaricatio
1246 4262 1332 4333 (aem.
1348 4258 1403 4331 iv).
1423 4247 1511 4317 dblac
1525 4260 1675 4321 beatissimi
1687 4265 1787 4339 iosepb

683 4387 810 4444 stabul
830 4390 942 4449 GAZAEI
961 4382 1240 4449 COMMENTARIUS.

129 4487 219 4555 mem
228 4504 236 4539 ²
246 4489 352 4543 '‘am“‘l
361 4490 494 4556 ‘'life''i'lll'f‘
503 4493 714 4559 ”ilfimliit'ffl’ar
724 4498 933 4563 mecoiuufeiita
949 4496 1152 4569 1t‚lnstit.cap.
1174 4498 1217 4560 33,
1231 4493 1259 4548 ἰῐι
1276 4491 1335 4548 ftaee
1351 4494 1432 4550 seclia
1446 4511 1453 4549 ε
1466 4495 1540 4551 sitiit
1552 4494 1681 4547 immenso
1698 4491 1788 4559 ploriu

131 4560 366 4639 imaapostotubit.
379 4563 418 4614 lta
432 4563 595 4618 Beruardus.
605 4566 644 4618 Es
653 4564 829 4635 quibussatis
839 4570 935 4639 proba·
988 4570 1104 4639 fideliter
1112 4566 1286 4621 stertentibus
1301 4568 1355 4621 Deo
1367 4583 1398 4621 ue
1407 4566 1551 4622 seciiiidiiiii
1561 4565 1667 4632 itepide
1678 4565 1789 4617 institu-

132 4624 224 4682 biliter
239 4629 329 4702 colligi
352 4636 442 4702 potest
457 4633 618 4689 (lassianum
628 4649 662 4689 ac
675 4635 858 4708 Germanum,
878 4656 934 4697 non
989 4641 1122 4697 mermes·
1130 4636 1328 4693 adferentibus
1342 4639 1544 4707 repromittitur
1554 4638 1584 4687 iii
1593 4638 1732 4700 ficturum,
1745 4634 1787 4686 itu

133 4695 258 4781 ⁰b⁸²³¹3¹⁰
279 4716 328 4755 ⁸⁰³
350 4701 517 4772 llf⁰f⁰⁸⁸l⁰¹¹0
540 4711 569 4759 θῑ
590 4704 790 4774 Ρῐθῐΰῑὸῦῑθῠθ,
830 4712 933 4767 otuisse
985 4728 1071 4781 poeaoe
1085 4707 1568 4779 prumssimoeprtepuruiiturliisqiii
1580 4704 1786 4773 tepideeumiie-

132 4768 545 4901 ttti¹¹ltt⁹ilt⁵iti⁰fflt
564 4725 932 4909 attitulatae
985 4773 1788 4904 ‘mi

131 4908 185 4963 tius
200 4859 690 4989 butusdisputaigionts'e‘ieoltaitonis.
824 4865 842 4921 p
917 4882 931 4895 ”
983 4855 1493 4991 Ρῃᾞζὲΐριῐαιῆοωιὲηωςςαηςκεῃιῑς
1506 4887 1786 4970 eademeaepgamess

167 4981 180 5011 ⁸
194 4980 343 5051 Diligenter
356 4982 472 5064 notanda
494 4985 617 5042 delinitio
631 4988 689 5070 site
702 4987 833 5071 resolutio
847 4989 931 5075 liujus
985 4994 1131 5076 eiecerint.
1140 4987 1522 5055 ilelituesteiii'm,seeuiidum
1529 4988 1678 5057 sumpturae
1685 4990 1789 5041 aeiiteii·

131 5053 931 5202 titillatattitulati„tttitiill:tl:
984 5059 1784 5200 itt’ttitt'ittttt'tattattt‘itittttt

131 5199 215 5247 tentia
228 5209 288 5266 cap.
303 5200 337 5250 at
352 5196 477 5267 superius
489 5197 601 5269 allegata
618 5219 624 5255 ε
640 5202 747 5255 tectim
759 5207 798 5256 est
807 5208 930 5260 instrum
983 5206 1052 5263 Haec
1066 5204 1114 5261 ibi.

130 5278 179 5317 ”⁰⁸
187 5268 336 5345 f'f'l'fflfe
348 5283 493 5325 semim
513 5284 595 5339 litim
606 5274 647 5325 t'ti'
658 5272 816 5329 salubrioris
830 5290 862 5330 uc
873 5280 928 5346 pite
1019 5280 1114 5347 ⁰Ergo
1125 5290 1157 5330 ex
1170 5270 1306 5329 sententia
1321 5269 1404 5341 hujus
1415 5269 1524 5327 abbatis
1537 5284 1596 5326 non
1610 5266 1718 5341 expedit
1732 5267 1783 5324 ali-

129 5334 379 5415 ⁸¹‘⁶¹''⁴³.5⁰⁰‘¹⁴fflm·
981 5347 1025 5404 cui
1040 5355 1143 5405 secreta
1160 5344 1215 5401 sive
1228 5358 1326 5401 arcana
1344 5357 1394 5399 sua
1413 5342 1465 5398 sub
1476 5340 1577 5397 silentii
1599 5340 1653 5395 fide
1666 5348 1693 5395 et
1703 5338 1784 5412 lura-

166 5406 179 5439 a
195 5406 277 5461 Vtiles
288 5408 369 5462 etiam
384 5410 456 5480 apud
474 5418 578 5468 veteres
589 5412 742 5469 monaclios
753 5414 926 5472 violationem
982 5429 1077 5475 mento
1091 5416 1280 5482 committere,
1300 5412 1352 5469 nisi
1373 5411 1412 5468 rei
1435 5409 1553 5484 gra'iiitas
1572 5410 1612 5465 iel
1635 5410 1784 5467 necessitas

130 5474 186 5531 ioci
200 5477 379 5559 continentiae
390 5490 417 5535 et
430 5481 545 5539 alioruin
559 5484 756 5553 essentialium,
770 5500 827 5541 nori
846 5501 927 5544 secus
980 5487 1056 5545 aliud
1066 5488 1189 5544 suadeat.
1200 5487 1260 5555 Qua
1279 5483 1352 5541 dere
1363 5486 1477 5539 consule
1486 5489 1635 5539 tractatum
1646 5481 1783 5539 Dominici

129 5562 259 5630 aepriuei
297 5549 364 5606 lium
384 5552 574 5611 mandatorum
591 5555 654 5620 Dei,
676 5553 824 5611 'udicatsm
842 5555 926 5613 fuisse
979 5560 1077 5615 asoto
1088 5556 1237 5616 duratione
1247 5554 1355 5626 tegendi
1375 5554 1480 5611 secreti.

128 5616 259 5701 mutuala
271 5635 315 5675 ein
323 5630 351 5678 et
364 5622 607 5694 mortaleleuod
613 5570 758 5682 confruiat
768 5627 837 5685 alius
850 5627 926 5685 loeus
1015 5630 1028 5667 i
1041 5632 1126 5687 Recte
1138 5626 1292 5685 observavit
1306 5628 1361 5683 Do.
1375 5626 1415 5683 Cu
1433 5624 1512 5681 obius
1523 5639 1556 5679 es
1568 5622 1610 5679 bis
1621 5622 1711 5683 verbls
1723 5623 1781 5681 col·

129 5686 195 5771 buia
205 5699 420 5775 ‘immittitis
439 5708 491 5751 noc
505 5695 595 5751 miuus
607 5698 698 5755 serius
719 5697 809 5771 quoad
827 5697 924 5773 obliga
980 5698 1025 5773 ligi
1037 5701 1197 5757 finianum
1208 5696 1315 5778 abbatis
1330 5641 1442 5779 recepit
1462 5692 1581 5779 opinioni
1595 5702 1678 5769 atque
1689 5710 1780 5776 asser·

128 5766 233 5817 tionem
247 5770 274 5818 et
286 5762 458 5821 violationem
474 5768 600 5823 votorum
618 5766 816 5839 essentialium,
830 5768 875 5827 lib.
889 5786 923 5826 iv
976 5772 1047 5829 doni
1064 5771 1100 5830 de
1112 5768 1263 5829 mendam
1276 5768 1384 5825 licentis
1397 5764 1556 5837 adbmsim
1569 5774 1616 5825 eut
1625 5766 1698 5825 cerm
1708 5776 1782 5836 epus·

994 1615 1086 1665 vestre
1097 1622 1145 1665 ore
1157 1606 1240 1665 fuerit
1253 1606 1413 1680 prolapsus,
1427 1606 1501 1663 nulla
1520 1606 1711 1663 occultationis
1720 1621 1793 1679 prar-

992 1710 1071 1773 cepta
1093 1701 1242 1759 sollicitent
1262 1700 1432 1765 audientem3
1456 1700 1543 1772 magis
1568 1699 1643 1757 enim
1657 1698 1752 1757 latebit
1764 1700 1788 1756 si

988 1795 1155 1870 negligenter
1179 1804 1262 1869 atque
1286 1793 1445 1869 simpliciter
1463 1802 1627 1862 transeatur,
1649 1794 1712 1868 quia
1735 1810 1792 1851 nuri

994 1890 1109 1962 quilibet
1128 1888 1245 1946 fratrum
1259 1903 1342 1962 super
1364 1887 1557 1963 divulgationis
1570 1887 1629 1962 ejus
1649 1888 1793 1961 impugna-

993 1984 1068 2041 tione
1089 1982 1275 2057 torquebitur,
1297 1982 1459 2039 existimans
1484 1997 1544 2039 rem
1567 1982 1647 2037 rilem
1673 1982 1792 2054 aliquam

991 2078 1146 2135 trandtona
1164 2076 1384 2134 confabulatione
1402 2076 1553 2149 prolatam,
1575 2084 1603 2131 et
1617 2091 1678 2148 quae
1692 2092 1724 2132 er
1741 2075 1795 2133 boo

992 2172 1054 2245 ipso
1068 2173 1105 2229 sit
1117 2172 1202 2228 levior
1215 2172 1278 2243 quia
1298 2171 1458 2228 cautissimo
1471 2171 1572 2227 silentii
1583 2178 1721 2245 praecepto
1731 2184 1793 2227 sen·

991 2266 1068 2323 sibus
1077 2264 1211 2323 audientis
1220 2262 1411 2322 commendata
1422 2278 1479 2320 non
1488 2262 1579 2321 fuerit.
1591 2264 1664 2320 ilani
1677 2264 1699 2320 sl
1709 2262 1792 2321 etiarn

991 2358 1076 2416 tidem
1093 2358 1152 2431 ejus
1175 2359 1266 2432 aliqua
1288 2364 1527 2415 sacramentorum
1544 2356 1726 2415 obtestatione
1742 2356 1794 2415 do·

993 2452 1123 2521 vinxeris,
1135 2462 1147 2489 ⁶
1158 2452 1241 2509 eitius
1251 2450 1319 2509 illnd
1332 2451 1506 2525 prodendum
1518 2464 1579 2507 esse
1589 2464 1645 2507 nou
1656 2450 1791 2525 ambigis.

990 2546 1080 2620 Major
1099 2546 1172 2603 enim
1186 2544 1316 2603 aduersus
1331 2545 1422 2617 ipsum
1434 2543 1475 2601 ris
1490 2542 1632 2602 diabolice
1650 2544 1793 2617 impugna·

991 2639 1073 2696 tionis
1088 2640 1219 2713 insurget,
1242 2646 1274 2696 ut
1288 2648 1316 2695 et
1334 2646 1362 2694 te
1376 2636 1533 2695 meastillcet
1548 2639 1589 2696 iel
1611 2638 1747 2707 denudet,
1765 2647 1793 2693 et

991 2729 1066 2787 illum
1089 2740 1317 2805 transgressorem
1346 2731 1508 2805 quantocius
1530 2732 1573 2787 sui
1603 2731 1684 2788 faciet
1704 2746 1793 2788 sama-

990 2829 1087 2887 menti.
