3848 6158
132 196 200 284 tarr

450 219 615 279 collatio
635 220 727 278 xviii.
749 248 782 260 -
802 220 847 275 DE
866 218 988 277 TRIBUS
1006 216 1198 273 caueamus
1216 210 1468 271 boutcflottb'tt.

1714 208 1783 265 {tlt

131 351 237 426 pliciter
252 348 409 423 postulavit,
421 346 655 405 hoovcrecundiae
664 362 722 404 suae
732 344 928 418 modestiaeque
942 352 970 415 Α
983 347 1044 418 ejus
1057 345 1185 401 volumus
1198 342 1350 415 pervenire,
1362 340 1428 397 talia
1442 338 1522 397 nobis
1534 336 1708 395 exordiorum
1723 334 1784 391 iun·
1878 424 1881 429 Ι

131 444 315 519 prospiciens,
330 458 365 499 ne
383 442 408 498 si
431 441 569 498 maculam
589 440 655 497 iurti
672 440 763 497 verbis
783 449 930 497 conaretur

131 539 254 607 abluere,
270 538 385 610 insuper
397 535 483 594 etiam
497 534 636 593 mendacii
654 542 809 603 notaretur,
819 534 931 591 nemine

130 632 236 689 scilicet
251 631 325 689 aliud
340 646 426 704 quam
441 629 469 688 id
483 628 557 703 quod
572 630 714 686 inventum
728 628 817 686 luerat
836 630 929 702 suspi-

130 735 222 783 cante.
240 727 367 797 Cumque
382 722 544 781 deecclesia
560 738 617 779 non
630 730 690 779 tam
704 730 794 779 orente
805 721 930 795 dejectus

131 838 215 894 quam
227 820 334 894 judicio
355 818 406 875 Dei
422 818 510 875 hdens
524 818 647 892 protinus
663 817 847 883 abscessisset,
863 833 929 891 pro-

131 916 200 973 fusis
212 916 242 972 in
261 915 389 971 oratioue
398 913 501 987 jugiter
515 912 653 986 lacrymis,
671 912 868 984 triplicatisque
884 910 929 984 jc·

125 1009 224 1083 juniis,
239 1023 348 1065 summa
357 1022 386 1065 se
396 1007 481 1063 etiam
494 1006 522 1063 in
532 1014 683 1078 conspectu
693 1005 839 1061 hominum
853 1020 930 1061 men·

129 1102 166 1159 tis
190 1101 346 1159 humilitate
371 1099 527 1172 prostravit.
553 1096 609 1155 Sed
633 1113 697 1154 eum
718 1096 825 1154 duabus
842 1095 930 1154 ferme

130 1192 353 1251 hebdomadibus
378 1192 414 1249 ita
437 1207 467 1248 se
497 1192 574 1248 omni
601 1190 764 1248 contritione
787 1192 875 1247 carnis
897 1206 929 1247 ac

129 1287 241 1360 spiritus
254 1285 423 1357 subjecisset,
437 1292 468 1341 ut
480 1283 526 1342 die
535 1282 641 1341 sabbati
655 1282 695 1339 vel
708 1282 859 1350 dominico,
871 1299 929 1339 non

128 1382 165 1439 ad
180 1380 383 1455 percipiendam
395 1379 622 1436 communionem
633 1394 751 1446 sacram,
765 1378 812 1435 sed
822 1377 856 1434 ad
867 1395 929 1451 pro·

128 1475 309 1533 sternendum
331 1490 361 1531 se
378 1475 407 1531 in
432 1474 515 1529 limen
533 1472 653 1529 ecclesiae
673 1479 756 1544 atque
771 1470 929 1529 adveniam

127 1569 288 1643 suppliciter
307 1566 515 1640 postulandam,
528 1565 680 1622 matutinus
693 1574 863 1635 accurreret,
878 1582 928 1622 nc-

128 1677 268 1736 quaquam
285 1677 381 1735 passus
391 1667 432 1716 est
445 1674 509 1716 eum
529 1659 700 1716 occultorum
714 1658 838 1714 omnium
853 1659 928 1715 testis

983 439 1110 497 demente
1122 436 1247 512 jacienda
1257 445 1332 493 sunt.

1279 530 1395 589 CAPUT
1413 529 1488 586 xvi.

1192 631 1230 684 lle
1249 627 1412 698 perfectione
1422 623 1571 694 quatientia.

1024 723 1132 796 Duplex
1147 736 1212 779 sane
1226 721 1261 779 ad
1276 719 1461 777 narrationem
1476 714 1538 771 iacti
1549 713 1631 786 hujus
1645 724 1726 767 causa
1738 724 1784 765 mo

984 815 1126 887 compulit.
1145 815 1270 874 Primum
1285 822 1316 869 ut
1330 810 1402 869 banc
1420 808 1641 866 immobilitatem
1655 802 1704 859 viri
1715 817 1783 859 con-

983 910 1168 983 stantiamque
1182 915 1340 982 pensantes,
1352 914 1455 978 quanto
1470 901 1623 958 minoribus
1638 913 1721 970 quam
1738 894 1784 953 illc

984 1012 1025 1060 est
1044 1004 1192 1075 appetitus,
1218 1001 1322 1058 inimici
1344 1001 1541 1072 impugnantur
1559 992 1678 1061 insidiis,
1707 998 1784 1048 tanto

983 1096 1119 1167 majorem
1145 1093 1350 1166 tranquillitatis
1369 1101 1452 1163 atque
1475 1088 1614 1161 pationtiae
1643 1094 1784 1139 sumamus

983 1185 1141 1244 allectum:
1170 1185 1267 1243 deinde
1290 1192 1320 1240 ut
1346 1183 1426 1239 firma
1452 1180 1614 1236 definitione
1640 1185 1784 1232 teneamus

983 1298 999 1339 a
1031 1281 1219 1337 tentationum
1245 1277 1371 1352 procellis
1397 1269 1699 1347 impugnationibusque
1723 1266 1783 1323 dia-

982 1376 1040 1433 boli
1064 1384 1140 1432 tutos
1174 1388 1228 1430 noa
1251 1386 1310 1429 esse
1337 1386 1394 1427 non
1416 1383 1509 1441 posse,
1538 1365 1561 1421 si
1584 1377 1667 1420 omne
1689 1359 1783 1433 praesi-

984 1471 1062 1529 dium
1088 1469 1225 1542 patientiae
1243 1477 1361 1537 nostrae,
1384 1478 1551 1535 omnemque
1573 1459 1783 1522 fiduciam,nou

984 1565 1013 1621 in
1038 1563 1178 1619 interioris
1207 1561 1329 1618 hominis
1351 1557 1437 1616 nostri
1464 1555 1585 1623 viribus,
1608 1551 1655 1609 sod
1678 1551 1705 1605 ia
1726 1549 1783 1604 oel-

984 1657 1047 1715 lultc
1075 1657 1221 1725 claustris,
1250 1663 1299 1712 aut
1330 1653 1357 1709 in
1382 1648 1538 1708 solitudinis
1564 1660 1690 1712 recessu,
1719 1657 1784 1697 san-

129 1768 156 1813 et
167 1757 303 1828 cognitor,
315 1756 384 1812 vela
403 1771 432 1811 se
446 1754 563 1826 amplius
574 1754 680 1812 coateri
697 1755 739 1810 rel
758 1752 794 1810 ab
810 1754 870 1811 aliis
884 1753 927 1809 in·
942 1746 965 1808 B
980 1758 1127 1809 clarumve
1152 1748 1308 1817 consortio,
1332 1747 1373 1804 vel
1398 1743 1557 1817 cujusquam
1578 1740 1617 1797 rei
1638 1752 1699 1809 qua
1734 1751 1785 1792 ex-

130 1850 235 1908 iamari.
260 1852 331 1906 Nam
354 1848 430 1921 quod
449 1848 493 1904 ille
519 1848 644 1905 intentor
661 1848 785 1918 sceleris,
809 1848 848 1903 rei
870 1864 928 1905 suae

130 1943 174 2002 lut
203 1943 363 2017 improbus,
386 1941 476 1999 laudis
500 1941 596 1998 alienat
623 1939 739 1998 callidus
769 1940 928 2012 infamator,

130 2037 207 2094 nullo
224 2037 372 2093 hominum
383 2043 452 2092 teste
468 2035 653 2103 commiserat,
663 2051 713 2108 per
725 2034 867 2092 diabolum
882 2037 929 2108 qui

130 2130 257 2186 criminis
280 2128 363 2201 ipsius
381 2129 504 2186 incentor
519 2128 608 2185 iuerat
621 2128 776 2201 publicavit.
798 2134 930 2202 arreptus

129 2240 249 2296 namque
265 2223 404 2281 dirissimo
416 2223 543 2281 daemone
556 2220 667 2280 cunetas
682 2221 807 2279 iectionis
817 2223 930 2281 occulta

129 2317 260 2389 patefecit
287 2317 413 2387 insidias,
439 2317 717 2390 criminationumque
746 2332 778 2371 ac
804 2313 930 2373 fraudum

131 2411 205 2469 idem
219 2411 273 2469 luit
285 2411 409 2484 proditor
423 2412 469 2483 qui
480 2419 661 2467 commeator.
678 2413 717 2466 ita
729 2418 821 2466 autem
834 2410 930 2482 spiritu

130 2506 177 2562 illo
215 2504 359 2561 immundo
389 2505 507 2578 graviter
538 2502 639 2576 diuque
672 2511 785 2560 rexatus
817 2510 877 2570 est,
900 2509 932 2557 ut

129 2613 164 2654 ne
187 2598 358 2655 orationibus
382 2595 495 2669 quidem
521 2604 679 2653 sanctorum
702 2594 757 2651 illie
776 2596 930 2651 consisten-

129 2692 208 2760 tium,
225 2693 271 2765 qui
285 2692 442 2749 divinorum
462 2691 660 2748 charismatum
678 2690 777 2746 merito
789 2689 930 2745 daemoniis

129 2786 309 2859 imperabant,
321 2785 601 2860 potueritemundari,
614 2782 663 2840 sed
676 2800 712 2839 ne
722 2783 808 2854 ipsius
819 2781 929 2854 quidem

128 2888 141 2915 ⁸
156 2878 255 2934 isidori
270 2880 419 2951 presbyteri
441 2879 525 2952 gratia
543 2877 688 2951 singularis
705 2875 929 2934 crudelissimum

130 2968 165 3024 ab
180 2984 212 3024 co
224 2969 374 3025 excluserit
385 2978 551 3038 vexatorem,
562 2971 605 3025 cui
616 2978 692 3025 tanta
706 2978 766 3025 erat
777 2970 864 3024 virtus
874 2971 930 3024 Do·

132 3061 197 3116 mini
214 3060 338 3132 largitate
351 3060 462 3128 collata,
477 3069 507 3117 ut
520 3076 555 3117 ne
570 3076 657 3132 usque
670 3060 704 3116 ad
715 3060 807 3116 limina
818 3060 930 3133 quidem

983 1855 1024 1903 tra
1058 1862 1110 1902 nos
1143 1845 1180 1901 sit
1220 1841 1368 1918 praesidio,
1402 1840 1578 1896 collocemus.
1614 1832 1672 1891 Nisi
1712 1829 1783 1886 enim

983 1947 1107 1997 mentem
1120 1947 1243 1995 nostram
1256 1937 1356 1994 uirtute
1369 1931 1544 2008 protectionis
1558 1944 1617 1988 suae
1629 1925 1674 1983 ille
1690 1923 1784 1980 firma-

985 2034 1053 2091 verit
1068 2032 1116 2106 qui
1133 2034 1161 2088 in
1176 2030 1321 2105 Evangelio
1335 2031 1385 2096 ait,
1399 2032 1521 2098 lleqttum
1534 2026 1584 2083 llct'
1601 2025 1675 2077 initu
1688 2034 1733 2074 eos
1748 2021 1785 2072 est

985 2130 1058 2195 (Luc.
1079 2128 1171 2195 xvir),
1184 2124 1286 2181 frustra
1304 2123 1370 2179 aerii
1392 2120 1479 2178 hostis
1491 2117 1611 2185 insidias,
1625 2123 1673 2170 aut
1683 2110 1784 2168 auxilio

984 2219 1200 2279 cohabitantium
1212 2218 1357 2275 hominurn
1374 2216 1491 2282 vincere,
1510 2221 1556 2269 aut
1574 2208 1705 2267 localibus
1719 2221 1784 2278 spa·

984 2316 1028 2373 tiis
1051 2315 1206 2384 declinare,
1230 2320 1278 2371 aui
1308 2311 1460 2369 munitione
1485 2316 1621 2364 tectorum
1645 2297 1785 2357 excludere

984 2427 1063 2486 posse
1087 2426 1138 2468 nos
1156 2410 1302 2467 credimus.
1319 2410 1390 2464 Nam
1413 2421 1477 2461 cum
1502 2403 1560 2458 haec
1577 2397 1670 2456 omnia
1690 2401 1785 2452 sancto

984 2505 1135 2579 Paphnutio
1155 2519 1211 2560 nott
1226 2503 1363 2569 deessent,
1382 2509 1474 2556 tamen
1495 2491 1710 2568 impugnationis
1723 2488 1785 2546 adi·

984 2606 1044 2654 tum
1066 2598 1197 2655 adversus
1216 2613 1281 2653 eum
1297 2602 1415 2651 tentator
1436 2590 1557 2649 invenire
1572 2586 1676 2661 potuit3
1694 2597 1786 2653 nequa

983 2691 1060 2747 illum
1088 2690 1288 2762 nequissimum
1312 2688 1436 2761 spiritum
1461 2693 1536 2757 septa
1564 2682 1709 2755 parietum,
1737 2684 1786 2732 aut

983 2784 1066 2841 eremi
1081 2782 1213 2853 solitudo,
1227 2792 1275 2840 aut
1291 2791 1333 2840 tot
1346 2782 1370 2837 in
1387 2781 1432 2836 illa
1447 2776 1658 2852 congregatione
1677 2777 1785 2829 sancto-

983 2893 1049 2934 rum
1068 2878 1164 2934 merita
1180 2879 1345 2950 repulerunt.
1361 2876 1415 2933 Sed
1435 2874 1499 2947 quia
1510 2878 1621 2929 sanctus
1637 2866 1686 2924 Dei
1697 2864 1784 2922 samu·

983 2973 1026 3029 lus
1046 2989 1104 3029 non
1118 2973 1147 3028 in
1169 2972 1210 3029 his
1223 2987 1284 3045 quat
1299 2972 1468 3028 extrinsecus
1492 2975 1566 3031 suut,
1586 2962 1677 3020 sedin
1696 2959 1786 3033 ipsum

983 3067 1155 3123 occultorum
1173 3066 1296 3122 omnium
1307 3062 1426 3137 judicem
1441 3076 1518 3133 spem
1530 3056 1573 3115 sui
1587 3054 1678 3113 cordis
1690 3051 1786 3108 inllxe-

129 3155 190 3226 ejus
210 3155 356 3228 quisquam
368 3155 579 3227 arreptitiusqui
594 3154 700 3212 tardius
713 3164 854 3212 sanaretur
876 3156 930 3211 ali·
944 3137 967 3200 C
982 3170 1035 3229 rat,
1056 3170 1140 3218 tantae
1163 3161 1376 3235 impugnationis
1395 3157 1529 3215 machinis
1548 3164 1720 3225 nequaquam
1735 3162 1786 3219 po·

129 3249 241 3324 quando
270 3249 421 3323 perductus
449 3250 507 3318 sit,
534 3248 644 3306 Christo
672 3248 742 3304 hanc
768 3247 930 3305 adolescenti

128 3343 279 3416 Paphnutio
302 3343 417 3417 gloriam
430 3350 596 3415 reservante,
613 3352 645 3399 ut
657 3342 728 3398 illius
740 3351 848 3400 tantum
866 3359 929 3399 ora·

128 3438 253 3495 tionibus
278 3439 320 3495 cui
344 3437 485 3495 insidiatus
504 3436 593 3495 iuerat
605 3445 784 3512 purgaretur;
803 3445 830 3495 et
851 3436 930 3508 cujus

129 3530 201 3587 laudi
227 3532 331 3604 aliquid
355 3531 464 3589 invidus
485 3532 615 3589 iuimicus
637 3533 780 3605 decerpere
798 3548 827 3588 se
849 3547 929 3605 posse

129 3624 294 3691 crediderat,
317 3624 376 3697 eius
393 3641 494 3681 nomen
510 3626 700 3698 proclamans,
724 3633 753 3682 et
773 3625 866 3683 delicti
888 3625 929 3680 sui

129 3717 234 3774 veniam
255 3725 282 3773 et
306 3718 389 3773 linem
410 3717 532 3791 supplicii
547 3717 689 3791 praesentis
701 3718 845 3790 acciperet.
861 3720 929 3774 ilaeo

128 3825 193 3884 ergo
208 3810 253 3868 illa
266 3810 295 3867 iu
308 3811 492 3868 adolescentia
502 3829 551 3869 sua
564 3811 666 3870 future
685 3813 781 3871 indolis
792 3813 850 3885 jam
864 3820 930 3870 tuuc

130 3903 232 3960 indicia
248 3904 438 3977 praefigurans,
460 3906 543 3961 lineas
557 3905 687 3976 quasdam
708 3905 880 3975 perfectionis
895 3906 926 3960 il-

130 3996 184 4053 lius
209 4012 270 4070 quae
292 4003 351 4052 erat
372 3997 529 4054 maturitate
553 3995 676 4068 augenda
695 3995 783 4053 adhuc
802 3997 830 4052 in
851 3999 930 4055 aruris

131 4088 283 4162 puerilibus
302 4089 460 4162 designarit.
480 4089 507 4145 Si
526 4090 607 4163 igitur
623 4089 657 4146 ad
674 4091 785 4146 culmen
799 4091 929 4149 virtutum

985 3256 1037 3310 tuit
1061 3257 1246 3312 commoneri.
1267 3258 1302 3311 Et
1329 3264 1453 3311 econtra
1467 3252 1510 3308 ille
1524 3263 1607 3321 quem
1622 3245 1656 3302 ad
1679 3251 1785 3299 tantum

984 3346 1089 3404 lacinus
1122 3348 1298 3421 praecipitavit
1321 3347 1431 3415 inuidia,
1456 3359 1547 3399 nonne
1572 3349 1600 3397 et
1635 3336 1787 3394 solitudinis

984 3442 1131 3507 beneficio,
1158 3451 1185 3498 et
1209 3442 1361 3497 monitione
1389 3437 1542 3495 remotioris
1571 3430 1733 3499 habitaculi,
1759 3439 1786 3484 et

984 3533 1055 3590 beati
1084 3534 1179 3591 isidori
1203 3534 1310 3591 abbatis
1335 3543 1416 3605 atque
1443 3529 1594 3605 presbytcri
1616 3525 1786 3596 aliorumque

983 3638 1141 3685 sanctorum
1165 3628 1303 3686 consortio
1321 3626 1478 3684 fruebatur?
1498 3633 1527 3681 et
1544 3633 1635 3681 tamen
1650 3622 1696 3694 qui
1721 3634 1783 3676 cum

983 3738 1067 3794 supra
1084 3738 1196 3779 arenam
1219 3722 1320 3796 reperit
1345 3720 1425 3778 turbo
1438 3720 1608 3789 diabolicus,
1621 3731 1681 3774 non
1694 3713 1783 3771 solum

984 3818 1099 3893 impegit
1113 3821 1183 3892 ejus,
1199 3820 1392 3876 verumetiam
1414 3816 1557 3880 subvertit,
1575 3809 1785 3868 habitaculum?

983 3913 1045 3967 Non
1064 3928 1131 3986 ergo
1145 3915 1265 3985 quietem
1283 3921 1408 3970 nostram
1427 3910 1594 3965 extrinsecus
1604 3903 1784 3977 inquiramus,

984 4020 1035 4060 nec
1055 4006 1180 4075 opitulari
1196 4005 1266 4060 titiis
1280 4004 1453 4077 impatientiae
1466 4010 1566 4058 nostrat
1579 3999 1693 4055 alienam
1706 4002 1785 4068 pute-

983 4110 1047 4150 mus
1062 4111 1140 4166 possa
1153 4096 1323 4168 patientiam.
1344 4096 1422 4152 Sicut
1434 4095 1507 4151 enim
1523 4110 1634 4163 rupicum
1651 4094 1701 4148 Diri
1713 4094 1784 4144 iutro

677 4240 808 4295 alitum
826 4241 939 4297 GAZAEI
956 4240 1237 4299 COllllEh'TthUS.

168 4375 181 4401 ³¹
198 4366 403 4435 Presbyterum,
424 4364 518 4433 credo,
532 4365 576 4420 hic
592 4372 619 4421 et
636 4365 758 4438 superius
776 4366 803 4421 iu
820 4366 872 4421 hoe
885 4383 934 4422 ca-

134 4436 188 4507 pite
205 4435 368 4503 nominarit,
381 4445 411 4492 ut
423 4437 456 4492 ab
466 4436 513 4491 iilo
528 4434 709 4510 distingueret
719 4435 826 4493 isidoro
838 4438 934 4495 Nitriae

135 4507 274 4577 episcopo,
286 4507 365 4577 cujtrs
380 4508 506 4563 meminit
516 4511 548 4563 D.
566 4509 785 4579 hieronymusin
797 4509 934 4579 epitaphio

136 4578 227 4634 Paulae
242 4577 285 4633 his
299 4578 387 4633 serbis
402 4581 499 4648 (Epist.
520 4583 564 4645 at)
581 4595 587 4632 :
602 4581 758 4636 monteauro
771 4581 826 4635 sihi
844 4586 934 4636 sorta-io

135 4650 285 4705 tractabili
299 4652 418 4720 episeopo
431 4649 531 4704 lstiioro
548 4652 704 4718 cortsessote,
720 4657 744 4706 et
756 4652 842 4706 tttrbis
856 4655 936 4707 irmu-

987 4368 1061 4423 sterii
1074 4383 1174 4437 magna
1188 4368 1339 4425 sanctitatis
1357 4376 1385 4425 et
1399 4367 1593 4424 miraculorum
1612 4366 1697 4450 gratia
1713 4380 1783 4437 prat-

988 4439 1061 4495 ditos
1076 4439 1177 4506 luisse;
1191 4440 1265 4511 quod
1287 4439 1348 4496 huic
1360 4440 1419 4496 loco
1429 4441 1494 4496 satis
1511 4448 1648 4511 cougrutt,
1663 4438 1709 4494 ubi
1732 4437 1782 4493 lsi·

988 4509 1209 4581 dorihujusmodi
1218 4511 1302 4583 gratia
1310 4512 1454 4584 singularis
1461 4520 1637 4567 memoratur.
1646 4512 1782 4566 Caeterum

988 4597 1022 4636 an
1038 4583 1060 4638 is
1073 4583 1120 4648 sit,
1131 4599 1212 4654 quem
1225 4585 1351 4640 Socrates
1367 4584 1437 4653 (tib.
1449 4600 1478 4639 vr
1493 4600 1515 4638 c.
1530 4584 1568 4649 tii.
1584 4581 1699 4637 lbrliuus
1715 4579 1782 4650 (Lib.

989 4668 1015 4708 tt
1038 4670 1060 4707 c.
1081 4654 1121 4724 4),
1142 4656 1311 4711 Sozomerrus
1331 4656 1397 4725 (tio.
1414 4670 1474 4711 vrtr
1488 4672 1511 4707 c.
1530 4653 1584 4718 ta),
1603 4650 1733 4721 Euagrius
1746 4651 1782 4717 (lu

134 4722 306 4775 enerabiiidus
318 4722 518 4788 nrotruchornm,
534 4727 598 4788 elc.,
611 4736 693 4793 quem
708 4729 736 4776 et
747 4721 935 4779 Theodoretus
994 4726 1064 4781 Vitis
1077 4728 1199 4793 Periuria)
1211 4725 1376 4791 collaudant,
1390 4740 1470 4795 quom
1481 4730 1590 4777 constat
1603 4720 1702 4775 iisdem
1713 4727 1783 4774 tem-

136 4791 207 4846 intor
219 4792 287 4847 alios
296 4792 495 4848 monachorum
509 4793 602 4847 Patres
616 4807 669 4846 rna
681 4807 746 4847 cum
757 4793 874 4847 brocaria
886 4795 937 4850 sub
951 4781 976 4843 b
991 4794 1212 4869 poribusmagua
1226 4796 1377 4852 sanctitatis
1387 4797 1460 4849 lama
1476 4794 1587 4859 uixisse,
1603 4789 1783 4846 malimdubi·

136 4861 212 4915 Lucii
227 4861 318 4916 Ariani
337 4862 479 4932 tyrannide
494 4862 744 4945 exsiliorelegatum
758 4863 851 4918 scribit
865 4866 932 4935 (Lib.

135 4947 162 4987 rr
175 4947 197 4986 r.
216 4936 269 4998 19),
282 4932 458 5002 quamobrem
469 4932 633 4991 confessoris
643 4934 723 4990 titulo
735 4934 837 4989 meruit
847 4935 934 4991 hono·

134 5002 206 5070 rari,
230 5018 285 5085 quo
308 5002 421 5057 nomine
438 5003 527 5059 nullus
540 5004 608 5060 olim
631 5003 758 5077 appellari
779 5008 934 5074 consuerit,

133 5074 185 5130 nisi
200 5091 245 5147 qut
261 5073 362 5130 Christi
376 5071 457 5128 lidcm
469 5073 652 5146 interpellatus
665 5092 757 5132 coram
772 5075 835 5133 stdei
850 5077 935 5135 bosti-

134 5145 185 5201 bus
200 5145 343 5202 confessus
357 5152 438 5212 esset,
454 5152 570 5201 utnotat
584 5147 718 5203 Batonius
729 5148 756 5203 in
771 5150 935 5220 hiartyrolo-

155 5216 211 5271 ium
227 5218 253 5287 (⁴2
275 5220 424 5285 ltruuorii).
441 5221 477 5273 tt
493 5214 611 5273 isidorus
626 5216 668 5273 hic
700 5217 821 5277 teslrtter
835 5227 863 5275 et
883 5219 934 5276 ab·

134 5231 196 5355 gas,
211 5285 246 5341 de
263 5304 317 5359 quo
339 5288 381 5344 hic
397 5289 498 5362 agitur,
512 5286 557 5343 ille
571 5303 630 5344 esso
645 5289 668 5344 ti
691 5298 751 5345 etur
762 5280 803 5347 'de
813 5306 867 5361 quo
880 5294 934 5347 So-

133 5373 278 5438 aomenus,
291 5357 324 5413 ds
344 5359 485 5416 monachis
507 5360 613 5432 AEgypti
632 5376 713 5486 agens
727 5381 733 5417 :
747 5365 798 5419 Per·
818 5364 849 5417 ut
870 5367 933 5417 lotn-

130 5432 218 5500 poris,
231 5438 277 5493 att,
293 5432 365 5484 iuter
380 5431 521 5488 monachos
544 5433 620 5502 lotape
641 5433 821 5489 illustrissimi
839 5437 933 5490 Patres

133 5506 210 5555 eruut
220 5502 350 5556 lstiiorrts.
362 5503 492 5573 Serapion
507 5509 532 5558 el
541 5506 692 5560 Dioscorus.
707 5506 825 5560 laidoms
838 5522 933 5560 morto-

132 5575 244 5627 sterr'um
254 5573 371 5643 aridique
378 5574 465 5628 cincii
470 5590 546 5629 muro
558 5579 583 5631 ei
592 5576 809 5647 scdrtloprotirlil
820 5579 931 5646 rthrcis·

132 5658 214 5712 quom
233 5661 321 5700 coram
335 5646 384 5715 qui
404 5646 477 5699 inlus
498 5650 576 5701 morti
590 5647 770 5718 cqrcdcrcitm
782 5664 824 5703 res
842 5654 931 5703 tumen

132 5728 221 5771 omrtes
230 5717 336 5771 haberet
348 5715 386 5770 od
397 5718 481 5772 eiiam
489 5721 659 5775 moratorias.
670 5720 705 5775 Et
716 5718 853 5775 Palladius
862 5720 930 5775 Lau·

131 5784 204 5841 aiace
217 5790 261 5854 rt,
275 5787 321 5844 ubi
341 5786 415 5845 iuter
427 5786 479 5845 alia
495 5785 581 5845 relect
597 5790 746 5849 monachos
760 5790 818 5864 ejus
830 5806 929 5848 mona-

991 4875 1048 4921 tare
1065 4882 1149 4937 quam
1164 4866 1312 4934 ailirnrare,
1332 4864 1455 4936 quamtis
1469 4864 1496 4919 in
1516 4872 1622 4936 partem
1638 4869 1782 4935 negantem

989 4937 1075 5007 magis
1088 4937 1223 4992 inclinem.
1236 4938 1307 4993 Nam
1323 4936 1368 4992 ille
1381 4945 1472 5009 postea
1487 4936 1520 4991 ad
1536 4933 1704 5017 Origeuistas
1713 4933 1783 5014 ‹leie-

988 5008 1037 5074 cit,
1053 5018 1079 5063 et
1097 5024 1192 5064 eorum
1207 5016 1392 5080 propugnator
1407 5016 1434 5063 et
1453 5006 1550 5064 ductor
1565 5007 1679 5063 ell'ectus
1696 5005 1785 5077 priatr-

989 5093 1054 5133 nam
1076 5078 1186 5135 laudem
1208 5080 1371 5136 obscuravit.
1396 5083 1438 5136 De
1460 5094 1514 5150 quo
1541 5083 1575 5134 l).
1601 5077 1784 5135 Hieronymus

987 5150 1067 5221 epist.
1088 5157 1119 5206 bl
1136 5150 1171 5206 ad
1194 5151 1398 5207 Pammachium
1410 5159 1437 5207 et
1456 5150 1668 5220 Ctesiphontem.
1683 5135 1785 5226 hiemo-

989 5230 1066 5278 ratur
1080 5230 1107 5277 et
1126 5222 1195 5280 alius
1209 5222 1329 5278 isidorus
1342 5223 1486 5278 sanctitate
1498 5222 1569 5287 vitae,
1586 5219 1639 5276 ltde
1659 5226 1686 5273 ct
1698 5230 1784 5271 nura-

987 5293 1054 5349 culis
1078 5294 1180 5359 clarus,
1208 5294 1242 5350 de
1282 5310 1317 5351 uo
1338 5293 1550 5367 Matyrologium
1570 5295 1727 5347 Romanum
1752 5291 1783 5341 ta

986 5365 1117 5422 ianuarii.
1128 5367 1242 5423 Atlruue
1251 5311 1315 5421 a‘ltbt
1324 5365 1416 5438 potius
1433 5364 1550 5436 quantia
1560 5367 1676 5435 rttgypto
1686 5359 1784 5415 tixissc

987 5445 1077 5491 censet
1094 5437 1233 5493 Baronius.
1250 5438 1374 5510 Denique
1391 5435 1561 5492 clarissimus
1575 5435 1603 5490 in
1619 5433 1671 5489 hoe
1687 5446 1784 5503 genere

987 5507 1187 5563 monachorum
1200 5518 1228 5564 et
1243 5509 1352 5563 uomina
1362 5508 1464 5564 exstitit
1482 5504 1652 5562 isidorusille
1663 5502 1784 5561 Pelusio-

986 5585 1028 5632 tcs
1042 5578 1158 5634 loannis
1171 5578 1358 5652 Cirrysostomi
1377 5576 1542 5649 discipulus,
1562 5586 1589 5633 et
1603 5578 1673 5633 inter
1695 5576 1784 5632 cocle·

984 5648 1110 5705 siasticos
1127 5651 1272 5722 scriptores
1288 5653 1400 5709 Graecos
1413 5649 1537 5717 celebris,
1551 5664 1623 5722 saepe
1640 5649 1669 5704 in
1682 5646 1725 5703 his
1739 5658 1784 5700 uo·

983 5720 1131 5849 Quibus
1153 5722 1262 5791 citratos,
1282 5721 1318 5780 de
1343 5739 1396 5796 quo
1417 5721 1645 5796 blattytologium
1664 5722 1781 5775 Roma

1005 5808 1020 5849 e
1041 5808 1064 5848 r.
