3848 6158
132 249 184 304 773

686 241 854 300 scitante
874 244 917 299 ix.
938 273 973 284 -

992 245 1037 299 DE
1055 244 1243 301 exitiosis.
1741 255 1793 307 itt

115 440 119 446 Α
131 375 145 406 ²
157 379 248 444 egesta
262 369 336 442 prius
350 368 426 425 omni
437 367 632 441 repurgatione
646 367 786 437 vitiorum,
800 375 828 425 et
841 366 937 426 eiiusis
952 375 978 434 Α
991 370 1099 426 catione
1109 368 1253 441 iormatur,
1265 369 1482 444 eorumdemque
1493 380 1603 429 actuum
1614 373 1793 444 procumben·

129 466 258 525 succidiis
272 465 443 536 mortuisque
454 463 600 520 ruderibus
615 463 786 534 passionum,
799 460 871 523 siste
885 465 937 533 (ut

131 559 226 639 aiunt)
247 574 278 614 ac
299 558 394 615 solidae
421 567 503 613 terre
524 557 642 630 pectoris
669 557 769 627 nostri,
789 556 878 615 immo
898 556 937 613 ilii

133 655 295 728 evangelicae
317 664 402 726 petrae
421 653 573 726 superjecta
590 653 694 710 inerint
713 653 895 725 simplicitatis
910 661 937 709 et

133 750 292 808 humilitatis
313 749 470 807 firmissima
486 749 675 818 fundamenta,
689 749 790 822 quibus
802 748 864 806 haec
876 756 936 805 tur-

135 844 174 900 ris
188 844 352 916 spiritalium
371 843 504 899 virtutum
521 841 711 899 molitionibus
732 841 897 900 exstruenda
909 850 937 898 et

134 937 316 992 immobiliter
336 935 422 991 valeat
435 935 562 1007 stabiliri,
582 942 609 992 et
622 934 657 991 ad
670 949 778 991 summa
802 934 937 991 coelorum

136 1029 245 1103 fastigia
265 1029 431 1086 confidentia
446 1029 564 1103 propriae
584 1027 720 1084 firmitatis
737 1025 838 1082 attolli.
864 1027 937 1082 Fun·

136 1123 271 1180 damantis
284 1125 386 1180 etenim
398 1124 497 1181 talibus
513 1123 684 1192 innitentem,
697 1120 822 1194 quamvis
831 1119 938 1192 passio-

134 1233 204 1274 num
229 1217 331 1275 imbres
358 1218 504 1291 largissimi
531 1215 744 1289 proiundantur,
768 1214 893 1288 quamvis
914 1212 939 1269 ei

137 1312 360 1383 persecutionum
377 1310 490 1366 violenti
506 1318 643 1365 turrentes
663 1308 748 1364 instar
770 1305 864 1362 arietis
884 1304 941 1360 illi-

136 1402 248 1473 dantur,
268 1404 392 1476 quamvis
408 1403 496 1459 irruat
508 1411 536 1459 et
555 1396 696 1461 incumbat
717 1399 939 1462 adversariorum

136 1498 280 1570 spirituum
305 1513 375 1553 saera
398 1505 554 1568 tempestas,
580 1510 645 1565 non,
660 1493 752 1550 solum
774 1491 855 1548 ruina
881 1506 938 1546 non

136 1591 234 1661 diruet,
250 1591 297 1649 sed
313 1607 362 1647 nec
374 1592 433 1663 ipsa
453 1590 622 1661 aliquatenus
636 1589 748 1645 vexabit
761 1585 902 1658 impulsio.

445 1685 627 1740 expetiit.
702 1709 706 1716 ·

991 466 1066 524 tibus
1087 467 1167 524 nobis
1181 467 1216 524 ad
1240 483 1345 540 pacem,
1368 467 1514 526 verborum
1536 486 1645 543 quoque
1668 471 1709 527 vel
1733 487 1794 528 sen·

991 577 1073 618 suum
1092 571 1155 619 ante
1170 564 1264 620 oculos
1284 565 1374 638 imago
1390 565 1553 636 praeludens,
1577 575 1625 622 aut
1646 567 1726 624 irasci
1741 583 1793 624 nos

990 656 1140 713 secundum
1164 658 1361 729 precedentem
1381 658 1540 732 qualitatem
1563 658 1654 730 faciet,
1679 669 1725 716 aut
1747 659 1794 717 tri·

990 751 1066 819 stari,
1087 761 1134 807 aut
1147 752 1381 825 concupiscentias
1395 769 1525 811 causasve
1540 754 1691 828 praeteritas
1705 763 1792 811 retra·

990 853 1064 902 ctare
1078 866 1086 914 3
1100 854 1147 902 aut
1165 847 1223 903 risu
1242 845 1329 917 iatuo,
1346 848 1419 920 quod
1434 849 1517 905 etiam
1540 849 1624 922 pudet
1639 849 1738 921 dicere,
1752 866 1795 909 cu-

988 939 1119 1014 jusquam
1140 943 1247 999 surrilis
1264 941 1328 998 dicti
1348 943 1388 998 vel
1412 942 1476 999 tum
1504 944 1658 1001 titillatione
1680 944 1794 1017 pulsari,

992 1033 1086 1090 autad
1101 1037 1206 1106 priores
1228 1034 1308 1092 iaciat
1328 1036 1446 1094 volitare
1471 1036 1617 1094 discursus.
1639 1042 1672 1094 Et
1692 1038 1794 1097 ideirco

993 1125 1124 1197 quidquid
1144 1128 1288 1184 orantibus
1308 1128 1389 1184 nobis
1409 1129 1539 1185 nolumus
1555 1140 1585 1185 ut
1605 1132 1796 1203 irrepat,ante

993 1217 1143 1274 orationem
1157 1219 1190 1276 de
1202 1218 1301 1276 abditis
1319 1220 1405 1276 nostri
1424 1221 1542 1293 pectoris
1563 1223 1706 1278 extrudere
1720 1221 1796 1279 iesti-

994 1327 1092 1371 nemus
1105 1323 1137 1370 ut
1150 1313 1216 1370 iilud
1238 1315 1362 1387 Apostoli
1389 1316 1526 1388 possimus
1549 1315 1661 1386 implere
1683 1319 1797 1374 :tsine

994 1408 1189 1462 intermissione
1202 1408 1312 1479 creceii
1330 1410 1418 1463 Titess.
1431 1409 1468 1480 x)
1485 1428 1491 1462 :
1508 1411 1553 1478 lit,
1570 1411 1684 1464 iaomni
1696 1410 1749 1465 loco
1763 1412 1798 1465 le·

994 1503 1086 1554 venies
1097 1516 1182 1570 purus
1196 1516 1291 1555 merrus
1306 1503 1364 1555 sinc
1378 1503 1421 1555 ira
1435 1506 1460 1555 el
1473 1502 1666 1572 disceptatione
1678 1502 1708 1573 (l
1727 1506 1793 1558 iirrc

992 1592 1045 1664 tt).
1058 1593 1132 1649 illias
1145 1609 1262 1666 namque
1274 1593 1433 1650 mandatum
1449 1594 1520 1650 istud
1535 1595 1667 1666 perficere
1683 1611 1740 1651 nou
1753 1612 1798 1652 ra-

994 1684 1120 1754 lebimus,
1133 1686 1184 1742 nisi
1203 1702 1281 1743 mens
1301 1695 1396 1744 nostra
1411 1687 1445 1743 ab
1467 1688 1544 1744 ouini
1561 1689 1689 1744 vitiorum
1710 1690 1799 1761 purili-

190 1775 416 1844 [luentedmodum
425 1778 623 1843 Piii‘iiiil'lmffl
635 1773 773 1826 minim
787 1771 885 1824 timisti·
957 1787 1055 1864 Beata
1075 1779 1218 1851 contagio,
1235 1779 1381 1837 virtutibus
1404 1788 1513 1837 tantum
1528 1782 1603 1836 veliti
1626 1782 1798 1839 naturalibus

174 1872 212 1924 Et
227 1867 329 1924 idcirco
344 1876 375 1923 ut
394 1882 427 1922 eo
447 1865 554 1922 ierrore
576 1881 609 1921 ac
626 1865 758 1936 puritate,
771 1878 825 1935 qua
843 1860 942 1926 debet,

140 1962 227 2018 emitti
253 1961 342 2033 possit
367 1961 469 2028 oratio,
489 1958 549 2014 brec
570 1964 635 2013 sunt
655 1951 825 2012 omnimodis
850 1952 944 2009 obser·

141 2055 244 2112 sanda.
257 2055 380 2110 Primum
391 2052 549 2109 sollicitudo
560 2065 655 2107 rerum
668 2049 819 2106 carnalium
832 2061 945 2120 genera-

141 2152 204 2206 liter
219 2147 401 2204 abseindenda
424 2156 481 2215 est3
502 2145 601 2202 deinde
625 2144 731 2200 nuliius
753 2142 856 2216 nc‘gotii
875 2158 943 2198 cau-

144 2257 216 2298 saere
234 2257 289 2297 non
308 2241 396 2296 solum
411 2256 486 2308 eura,
504 2238 553 2296 sed
565 2255 598 2295 ne
614 2237 748 2293 memoria
761 2235 872 2307 quidem
892 2251 941 2308 pe-

142 2337 217 2392 nitus
251 2333 432 2401 admittenda,
461 2332 687 2400 detractationes,
714 2329 867 2401 vaniloquia
893 2343 944 2385 seu

143 2427 337 2499 multiloquia,
363 2427 538 2483 scurrilitates
560 2441 670 2499 quoque
692 2423 817 2480 similiter
845 2439 943 2495 ampu-

143 2521 236 2591 tanda,
261 2521 308 2576 irae
332 2537 389 2593 prae
414 2521 543 2576 omnibus
562 2520 616 2575 sire
634 2518 754 2575 tristitiae
774 2517 943 2589 perturbatio

144 2615 265 2672 funditus
283 2614 414 2681 eruenda,
435 2613 663 2685 concupiscentiae
690 2611 807 2667 carnalis
834 2625 866 2665 ac
883 2610 944 2681 plri-

143 2711 268 2784 largyriae
290 2711 389 2765 noxius
415 2709 501 2765 lomes
522 2708 649 2764 radicitus
671 2705 838 2770 evellendus,
860 2704 943 2760 etita

143 2803 187 2860 bis
205 2821 236 2860 ac
256 2804 390 2859 similibus
409 2802 481 2858 vitiis
498 2801 615 2858 extrusis
629 2800 736 2872 penitus
757 2808 784 2855 et
803 2798 942 2866 abscissis,

143 2914 204 2972 quae
217 2899 360 2954 bominum
377 2912 485 2968 qnoque
500 2903 613 2966 possunt
630 2903 722 2966 patere
740 2893 942 2965 conspectibus,

144 2991 261 3062 talique,
285 3000 313 3046 ut
340 2990 476 3055 diximus,
508 2989 629 3060 repurgii
654 2987 847 3044 emundatione
871 3003 942 3058 pree·

144 3086 238 3150 nrissa,
253 3100 313 3156 quae
333 3083 514 3155 simplicitatis
532 3091 559 3136 et
570 3082 733 3136 innocentiae
748 3082 864 3152 puritate
884 3097 945 3152 per·

997 1873 1078 1930 bonis
1096 1872 1199 1942 dedita,
1214 1874 1276 1946 jugi
1291 1875 1486 1948 omnipotentis
1501 1875 1552 1931 Dei
1567 1876 1797 1948 contemplatione

999 1975 1137 2041 pascatur.

1306 2057 1425 2112 CAPUT
1445 2059 1492 2112 iV.

998 2160 1035 2229 De
1052 2158 1201 2213 mobilitate
1219 2160 1327 2224 enimse,
1339 2160 1438 2229 plume
1452 2160 1493 2213 eci
1508 2160 1635 2227 prestaretur
1648 2164 1801 2228 ternpore-ic

1264 2229 1323 2297 [ΑΙ.
1335 2233 1524 2300 comparebat

1033 2334 1169 2390 stentare
1185 2343 1298 2407 quantas
1317 2336 1416 2392 animae
1436 2352 1493 2392 non
1508 2336 1607 2410 inepte¹
1618 2335 1803 2394 subtilissimae

999 2429 1100 2500 plumae
1112 2446 1159 2487 seu
1174 2446 1270 2501 pennae
1287 2431 1430 2486 levissimae
1444 2439 1627 2501 comparatur,
1640 2447 1702 2501 quae
1715 2431 1737 2487 si
1750 2430 1803 2488 iru-

999 2525 1083 2578 moris
1102 2525 1255 2594 cujuspiam
1274 2525 1444 2580 extrinsecus
1463 2524 1610 2579 accidentis
1629 2525 1804 2597 corruptione

999 2617 1091 2671 vitiata
1117 2615 1269 2671 noniuerit
1283 2617 1322 2671 vel
1346 2616 1447 2684 inlusa,
1469 2617 1621 2672 mobilitate
1641 2618 1804 2675 substantiae

1000 2723 1069 2775 strae,
1084 2708 1236 2763 tenuissimi
1252 2709 1362 2779 spiritus
1376 2709 1547 2779 adjumento,
1557 2712 1629 2764 velut
1643 2711 1804 2767 naturaliter

997 2801 1032 2859 ad
1050 2801 1177 2857 sublimia
1192 2801 1366 2874 eoelestiaque
1379 2802 1542 2857 sustollitur.
1558 2802 1603 2856 Sin
1618 2818 1682 2857 vero
1703 2802 1803 2858 humo·

997 2895 1035 2953 ris
1049 2895 1210 2968 cujusquam
1226 2895 1366 2967 aspergine
1379 2895 1419 2950 sel
1434 2893 1569 2949 infusione
1584 2893 1665 2949 fuerit
1680 2911 1805 2967 praegra-

999 2999 1076 3057 vata,
1098 3005 1154 3045 nou
1179 2989 1261 3045 modo
1288 2989 1316 3044 in
1332 2989 1424 3044 nullos
1442 3005 1537 3044 aereos
1561 2989 1665 3043 solatus
1687 2990 1805 3046 naturali

999 3083 1152 3138 mobilitate
1165 3083 1326 3154 raptabitur,
1338 3082 1479 3139 sedetiam
1492 3082 1525 3138 ad
1542 3083 1597 3138 ima
1613 3091 1694 3138 terrae
1708 3099 1805 3140 conce·

145 3179 258 3269 licitam,
275 3177 397 3248 iacienda
417 3184 481 3231 suut
493 3175 611 3246 primum
628 3173 772 3247 profundae
785 3173 946 3229 hunxilitatis
961 3216 984 3278 C
1000 3176 1039 3249 pti
1061 3176 1184 3232 humoris
1199 3175 1318 3247 pondere
1340 3175 1516 3246 deprimetur.
1532 3180 1573 3231 lta
1595 3192 1674 3232 inens
1695 3192 1806 3250 quoque

146 3272 306 3329 inconcussa
331 3269 517 3335 fundamenta,
543 3283 603 3339 quae
622 3267 724 3324 seilicet
743 3267 841 3322 turrim
863 3267 948 3322 intra·

146 3372 237 3422 turam
247 3365 330 3421 coelos
344 3365 449 3419 valeant
458 3363 594 3420 sustinere
607 3378 613 3416 ε
627 3359 725 3418 deiude
738 3359 945 3432 superponenda

146 3461 279 3517 virtutum
295 3459 457 3531 spiritalium
470 3457 627 3526 exstructio,
643 3456 716 3512 et'ab
732 3456 808 3511 omm
824 3454 946 3511 discursu

148 3561 230 3625 atque
244 3552 401 3625 evagatione
417 3551 520 3606 lubrica
543 3550 650 3606 aniruus
669 3547 852 3614 inhibendus,
866 3555 897 3602 ut
911 3547 947 3602 ita

148 3647 276 3721 paulatim
287 3648 320 3704 ad
333 3646 592 3718 contemplationem
606 3645 656 3701 Dei
675 3661 705 3701 ac
720 3643 847 3716 spiritalis
862 3642 945 3698 intui·

148 3748 192 3796 tus
201 3741 310 3812 incipiat
325 3739 475 3795 sublimari.
488 3733 501 3770 b
515 3735 655 3808 Quidquid
670 3737 743 3793 enim
762 3743 826 3791 ante
840 3734 948 3790 oratio-

148 3835 191 3891 nis
213 3835 307 3891 boram
328 3835 420 3889 anima
441 3843 534 3887 nostra
548 3830 712 3900 conceperit,
736 3844 846 3884 necesse
860 3837 902 3884 est
918 3835 948 3883 ut

149 3929 291 3985 orantibus
312 3928 391 3982 nobis
412 3941 459 3996 per
475 3924 658 3995 ingestionem
675 3920 876 3976 recordationis
899 3936 949 3975 oc-

148 4030 246 4079 currat.
272 4017 458 4090 Quamobrem
482 4013 574 4084 quales
598 4018 708 4065 orantes
730 4010 856 4065 volumus
875 4011 948 4065 inve·

149 4117 212 4187 uiri,
233 4119 303 4172 tales
322 4127 371 4167 nos
391 4115 453 4163 aute
468 4104 597 4161 orationis
613 4112 721 4176 tempus
735 4118 888 4176 praeparare
903 4104 950 4161 de-

150 4210 259 4268 bemus.
285 4209 325 4261 Ex
354 4199 514 4274 praecedenti
532 4200 603 4255 enim
623 4205 695 4255 statu
710 4213 787 4252 mens
800 4197 827 4252 in
846 4198 951 4270 suppli-

1001 3279 1105 3337 uostra,
1122 3270 1144 3324 si
1161 3269 1352 3325 accedentibus
1367 3269 1437 3324 vitiis
1452 3271 1577 3341 curisque
1593 3271 1742 3327 urtrndanis
1756 3288 1806 3344 ag-

1001 3371 1109 3434 gravata
1125 3377 1180 3417 uon
1194 3361 1287 3429 suerit,
1301 3363 1425 3417 noxiaeve
1440 3362 1557 3418 libidinis
1573 3363 1688 3418 irumore
1706 3381 1805 3421 corru-

999 3461 1056 3526 pla,
1073 3454 1145 3509 reiut
1159 3453 1276 3508 naturali
1292 3453 1418 3525 puritatis
1430 3470 1486 3510 suae
1501 3454 1633 3510 beneficio
1651 3455 1805 3525 sublevata,

1000 3548 1140 3604 lenissimo
1153 3547 1280 3619 spiritalis
1302 3547 1487 3604 meditationis
1503 3547 1598 3605 aiilutu
1613 3549 1806 3606 sublimabitur

1000 3641 1176 3713 adsuperua,
1197 3650 1225 3697 et
1247 3641 1359 3698 humilia
1382 3641 1509 3698 deserens
1532 3651 1612 3713 atque
1630 3652 1748 3712 terrena,
1772 3645 1807 3701 nd

1000 3735 1122 3791 celestia
1132 3744 1158 3791 et
1170 3735 1314 3792 invisibilia
1323 3735 1512 3793 transferetur.
1526 3739 1608 3794 Unde
1622 3742 1729 3811 proprie
1739 3741 1806 3796 satis

1003 3831 1143 3903 praeceptis
1159 3830 1311 3886 Dominicis
1329 3830 1531 3886 admonemur:
1556 3832 1649 3887 l'iriete
1664 3835 1807 3900 rteqnumlo

1002 3930 1167 3992 perterrentur·
1175 3925 1257 3978 corde
1267 3928 1356 3979 uestra
1366 3928 1395 3978 in
1406 3927 1516 3994 crepula
1526 3904 1689 3979 et'ebrt'ctule
1698 3928 1723 3977 et
1734 3928 1805 3979 curis

1002 4019 1177 4072 territoribus
1188 4018 1283 4087 (Latere
1292 4034 1345 4073 xxx
1355 4018 1376 4088 ).
1389 4021 1424 4072 Et
1435 4019 1536 4073 idcirco
1550 4019 1571 4072 si
1581 4018 1705 4072 nolumus
1717 4018 1806 4073 oratio

1003 4124 1052 4163 nes
1075 4115 1181 4164 nostras
1200 4125 1255 4162 nun
1276 4111 1365 4164 solum
1379 4108 1464 4164 cuelos
1475 4109 1531 4179 jsed
1546 4111 1629 4164 etiarn
1644 4125 1706 4181 quae
1723 4126 1804 4182 super

1004 4201 1089 4258 coelos
1106 4207 1172 4255 sunt
1183 4208 1335 4272 penetrare,
1350 4215 1478 4256 curemus
1491 4208 1612 4257 mentem
1626 4202 1659 4258 ab
1676 4203 1806 4260 omnibus

700 4297 828 4351 atatim
848 4297 960 4355 zemt
980 4298 1261 4356 COMMENTARIUS.

189 4404 201 4428 ¹¹
218 4390 365 4448 Ciaenuius
379 4405 393 4444 e
409 4387 600 4458 manuscriptis
614 4386 677 4459 legit
692 4405 697 4440 :
714 4388 810 4455 Egesto
824 4390 899 4441 cmiii
911 4405 954 4443 re·

152 4465 255 4536 prinpio
267 4465 404 4524 citiorum,
422 4466 446 4516 ei
458 4461 566 4531 effossis*
580 4459 714 4514 succiduis
728 4462 895 4529 mortuisque
908 4477 958 4514 rtr-

148 4537 257 4592 cleribus
268 4536 424 4605 pensionum
444 4541 514 4593 ,etc
531 4533 597 4599 Quae
617 4538 690 4584 certe
708 4529 786 4584 lectio
803 4531 968 4601 germanior·

1012 4389 1171 4460 explicatur.
1193 4389 1266 4444 Poro
1281 4390 1437 4462 repurgium
1463 4406 1512 4463 pro
1525 4394 1715 4464 repurgatione
1735 4395 1808 4466 posi·

1011 4468 1070 4516 tum
1093 4476 1176 4542 nemo·
1193 4477 1251 4516 non
1271 4459 1406 4533 intelligit,
1426 4478 1478 4535 qua
1494 4479 1558 4520 soce
1570 4464 1653 4521 etiam
1664 4465 1752 4522 utitur
1764 4481 1810 4523 se-

1012 4541 1106 4605 quenti
1117 4540 1215 4602 capite.

152 4616 182 4665 ut
195 4614 221 4661 et
241 4606 413 4661 cornmunior
432 4602 500 4656 milri
517 4601 632 4655 videtin.
647 4603 785 4670 Quorsum
798 4600 871 4656 enim
884 4617 947 4672 spe·
962 4615 987 4676 1)
1039 4596 1105 4659 l’lta
1115 4603 1199 4659 ctiam
1209 4603 1288 4660 dirus
1298 4605 1447 4677 Gregorius
1460 4607 1586 4661 xiiioral.
1600 4622 1659 4674 cap.
1676 4613 1719 4660 16.
1732 4609 1810 4660 Sem-

151 4685 249 4743 etaret3
265 4687 311 4731 aut
324 4692 405 4747 <prtem
418 4688 528 4728 sensum
539 4670 651 4726 baberet
664 4669 742 4734 iliud,
755 4670 849 4738 effusis
863 4675 948 4728 succi-

152 4752 217 4813 diis,
239 4765 301 4803 cnm
321 4746 451 4807 succidia,
467 4743 507 4798 rel
525 4741 686 4807 succidium,
708 4741 824 4795 Varroni
838 4742 950 4815 aliisque

153 4819 309 4876 auctoribus
323 4817 388 4872 nibil
413 4815 484 4870 aliud
505 4814 541 4868 sit
555 4827 638 4884 qnam
654 4825 742 4866 massa
759 4811 848 4868 carnis
863 4814 951 4884 porci·

152 4904 199 4948 nae
214 4888 300 4950 salita,
317 4897 344 4942 et
358 4889 384 4941 iu
400 4886 582 4941 necessarium
599 4898 679 4938 usum
696 4889 823 4948 servata3
839 4891 867 4938 et
880 4885 921 4943 rel
937 4900 951 4939 a

153 4958 331 5025 succidendo,
355 4957 427 5029 quod
450 4957 557 5027 quoties
577 4970 645 5026 opus
662 4961 703 5009 est
721 4952 887 5021 succidatur,
911 4955 951 5011 rel

154 5031 272 5107 potiusa
296 5029 387 5084 suillus
402 5028 536 5084 cedendis
557 5028 654 5082 dicta?
675 5024 757 5080 Unde
776 5023 849 5080 idem
865 5028 952 5082 Varro

152 5106 188 5166 de
205 5105 243 5158 lie
255 5102 365 5157 Rustica
379 5101 423 5154 lib.
440 5116 464 5154 rr
478 5099 564 5170 capite
576 5103 593 5152 4
605 5096 813 5222 dicit'ignavum
822 5103 869 5151 aut
878 5111 952 5153 sum·

108 5198 111 5207 ·
154 5183 285 5259 pinosum
309 5189 366 5228 esse
383 5171 531 5243 agricolum
552 5169 598 5240 qui
613 5166 685 5222 succi
707 5166 763 5222 iam
781 5166 953 5239 suspenderit

154 5263 184 5303 m
216 5246 338 5301 camaria
365 5244 399 5297 ab
431 5241 543 5296 larriario
574 5239 763 5312 potiusquam
785 5253 817 5294 ex
842 5239 952 5311 proprio

152 5315 254 5375 fundo.
278 5316 385 5371 Rrrdera
401 5323 493 5369 autem
514 5318 645 5367 vocantur
664 5310 783 5381 lapidum
798 5308 953 5382 fragmenta

155 5391 256 5461 passim
280 5404 326 5455 per
340 5404 353 5440 u
375 5402 419 5440 ros
438 5401 542 5456 sparsa,
560 5391 607 5439 aut
627 5390 707 5438 terrae
726 5381 858 5453 permixta
870 5402 878 5447 3
891 5396 953 5455 quar

157 5467 186 5514 et
202 5459 330 5515 succidua
351 5403 489 5524 iiicuutur,
505 5456 568 5529 quia
587 5453 621 5512 ad
640 5452 794 5510 cadendum
809 5468 894 5525 prona
908 5477 915 5520 3
931 5460 959 5508 et

157 5537 277 5595 mortua,
294 5529 358 5601 quia
374 5528 440 5583 nulli
452 5529 511 5584 usui
531 5534 612 5599 apta3
628 5524 743 5608 ideoque
756 5522 846 5596 :enodi
866 5531 893 5578 et
917 5540 959 5578 ex-

154 5601 265 5675 purgari
286 5602 378 5669 solita,
404 5615 488 5670 usque
510 5598 544 5655 ad
565 5606 666 5654 terram
682 5611 768 5652 viram
790 5604 817 5651 et
830 5594 957 5663 solidam,

155 5681 189 5730 ut
202 5673 248 5728 bic
261 5673 371 5738 dicitur,
391 5679 422 5727 ut
442 5678 503 5725 tuto
522 5669 696 5726 lundameuta
710 5666 858 5740 jaciantur.
877 5664 959 5722 Unde

157 5743 276 5815 pulchra
291 5744 410 5798 sumitur
420 5739 577 5812 metaphora
591 5740 625 5795 ad
635 5737 780 5811 spiritualis
789 5735 960 5796 fundamenti

162 5814 327 5886 positionem
353 5815 493 5886 adoptata,
518 5826 580 5884 quae
603 5809 725 5883 sequenti
746 5810 833 5882 capite
861 5809 961 5867 clarius

1006 4689 1053 4745 per
1076 4683 1139 4731 ante
1161 4675 1293 4731 orationis
1312 4685 1437 4747 tempora
1461 4677 1542 4730 debet
1564 4675 1677 4728 sollicite
1691 4676 1810 4744 conspici

1005 4745 1070 4816 quid
1091 4746 1138 4801 uid
1150 4754 1239 4815 potest
1251 4747 1279 4800 in
1291 4747 1412 4801 oratione
1418 4743 1568 4814 reprobari.
1579 4744 1657 4812 Saepe
1666 4743 1808 4799 immunda

999 4809 1047 4872 ‘rei
1073 4763 1162 4870 iiiicita
1183 4815 1340 4886 quaedamin
1363 4814 1456 4868 uxrimn
1483 4826 1645 4878 versamus,
1668 4814 1810 4883 quotiesc

1007 4885 1131 4957 precibus
1143 4899 1283 4939 vocamus.
1299 4883 1352 4938 Sed
1366 4898 1432 4938 cum
1444 4896 1472 4935 se
1485 4897 1562 4936 urens
1575 4881 1610 4937 ad
1620 4884 1742 4940 studium
1755 4901 1811 4942 ora·

1007 4955 1092 5010 tionis
1118 4954 1245 5018 erexerit,
1262 4969 1356 5008 earum
1376 4968 1467 5009 rernm
1487 4953 1619 5025 imagines
1641 4957 1811 5023 reverberata
1834 4962 1836 4966 '

1007 5025 1120 5108 patitur,
1142 5023 1242 5095 quibus
1260 5024 1374 5099 libenter
1387 5024 1463 5093 prius
1477 5026 1568 5081 otiosa
1578 5028 1762 5097 premebatur.
1778 5030 1814 5084 Et

1006 5095 1076 5152 mira
1088 5115 1093 5149 :
1105 5096 1181 5165 Saepe
1190 5094 1263 5150 curis
1273 5095 1369 5152 mundi
1380 5096 1496 5153 libenter
1507 5113 1684 5168 occupamur,
1693 5113 1812 5169 cumque

1009 5176 1072 5240 post
1083 5166 1142 5225 lreec
1155 5165 1246 5223 studio
1260 5167 1392 5224 orationis
1407 5168 1586 5235 intendimus,
1598 5183 1772 5240 nequaquam
1783 5184 1812 5226 se

1006 5255 1084 5295 mens
1099 5237 1134 5295 ad
1154 5238 1274 5295 caelestia
1294 5239 1383 5309 erigit,
1405 5241 1468 5311 quia
1484 5239 1590 5313 pondus
1605 5239 1676 5296 banc
1696 5248 1812 5298 terrenae

1011 5309 1197 5367 sollicitudinis
1207 5311 1234 5366 in
1250 5308 1418 5384 profundum
1435 5311 1539 5368 mersit.

1044 5385 1100 5437 elu
1112 5381 1153 5437 bis
1168 5380 1276 5439 duabus
1290 5381 1432 5437 sententiis
1451 5381 1580 5438 tundatur
1597 5397 1609 5437 s
1647 5399 1714 5439 uens
1728 5386 1814 5441 coila-

1011 5453 1063 5521 tio,
1078 5467 1139 5525 quae
1159 5461 1199 5508 est
1220 5451 1337 5510 secunda
1354 5452 1460 5509 abbatis
1473 5457 1567 5517 isaac3
1584 5468 1623 5508 un
1644 5464 1814 5527 asumptum

1012 5522 1072 5595 ejus
1084 5533 1289 5596 argumentum,
1311 5527 1348 5579 De
1359 5527 1490 5579 orationis
1500 5524 1620 5606 jugitate
1631 5528 1686 5580 siue
1700 5529 1815 5584 assidui·

1013 5597 1078 5658 tete,
1091 5595 1142 5738 nii)
1150 5596 1264 5669 proinde
1274 5595 1308 5653 de
1319 5593 1541 5653 hiscommodrus
1555 5604 1653 5669 agetur
1669 5597 1779 5671 (Callet.
1793 5614 1814 5655 x

1013 5682 1074 5738 ccp.
1093 5674 1102 5720 t
1147 5708 1153 5721 .

1048 5726 1163 5794 ddliam
1177 5736 1383 5797 similitudinem
1398 5755 1445 5798 seu
1465 5743 1698 5815 comparationem
1711 5742 1813 5798 animae

1014 5823 1077 5865 cum
1092 5809 1286 5881 moiaaqueria
1304 5812 1365 5869 ride
1375 5811 1468 5869 collat.
1484 5815 1569 5886 icap,
1584 5820 1626 5869 18.
