3848 6158
141 241 216 297 ‘tor
443 315 445 321 Ι
834 232 976 289 ΙΟΑΝΝἰὸ
994 232 1145 289 CASSile
1542 257 1544 261 ⁴
1759 235 1818 289 ,408

166 367 293 424 omnibus
311 374 511 425 consummatae
520 366 647 440 justitiae,
663 373 691 421 et
711 368 870 420 sanctarum
891 353 1032 428 Seri-Ab
1060 360 1112 429 Qui
1143 367 1205 432 post
1229 358 1361 415 indictum
1386 356 1534 413 terminum
1559 357 1635 426 ritae,
1665 357 1820 428 mortisque

167 470 310 532 pturarum
331 462 488 518 testimonio
501 460 724 532 comprobatam,
745 464 809 529 post
822 456 965 511 innumera
1018 455 1090 512 diem
1112 455 1225 511 Domini
1240 455 1373 511 sententia
1386 453 1586 525 praebnitum,⁰
1602 452 1760 526 quindecim
1773 468 1845 532 aa·¹

167 555 298 613 rirtutum
327 556 479 629 praeconia,
510 559 589 611 uno³
615 553 740 610 elationis
773 551 828 607 telo
853 551 966 622 legimus
1019 549 1061 605 nis
1087 549 1150 605 vitm
1170 556 1257 605 metas
1277 549 1407 605 excedere
1435 563 1489 605 una
1519 548 1640 604 oratione
1666 549 1822 619 promeruit

169 649 250 706 inisse
264 649 414 720 deiectum,
429 657 456 703 et
470 648 516 719 qui
529 647 739 703 internecionem
759 652 869 701 centum
892 652 965 699 octo·
1020 631 1034 676 ‘¹
1049 642 1106 699 sole
1120 642 1276 715 perdecem
1298 642 1409 716 gradis,
1426 658 1495 715 quus
1513 641 1548 698 ad
1561 656 1689 698 occasum
1703 640 1822 698 tendens

170 744 244 816 ginta
257 744 376 815 quinque
390 742 505 798 millium
522 741 556 798 de
575 741 696 798 exercitu
715 741 904 813 Assyriorum,
921 754 967 794 an·
1017 738 1075 810 jam
1097 738 1293 811 illustraverat,
1312 746 1476 807 revertente,
1501 736 1546 810 qui
1567 737 1651 793 lineas
1669 752 1736 808 quas
1755 735 1821 792 abs·

170 837 229 909 gelo
244 837 386 892 subnoete
405 844 536 903 vastante,
550 852 604 892 una
617 852 695 910 prece
710 835 793 891 valuit
803 834 966 905 impetrare,
1020 848 1098 889 eessu
1117 831 1175 904 ejus
1193 832 1291 888 umbra
1317 833 1484 904 subsequens
1507 839 1662 904 occuparat,
1684 846 1735 887 suo
1761 847 1823 888 rur·

170 929 295 985 vanitatis
313 930 473 1013 gloriatione
491 934 694 1003 superatur(lV
705 935 772 1002 Req.
788 930 868 998 xix).
885 927 969 1000 Cujus
1022 942 1084 982 sum
1105 926 1191 983 reditu
1205 925 1315 998 fugans,
1338 926 1507 999 duplicatum
1521 924 1744 995 diemjuniverso
1760 923 1823 980 orbi

160 1029 201 1077 ‘ut
227 1029 386 1093 praeteream
406 1023 536 1080 rirtutum
552 1030 608 1079 tam
640 1023 776 1096 prolixum
798 1021 967 1094 catalogum,
1023 1027 1116 1076 conae
1131 1018 1531 1092 lixasnaturmjlegesinaudito
1546 1016 1824 1090 miraculopraebrii13

171 1130 255 1187 quem
270 1115 398 1188 replicare
422 1118 583 1190 perlongum
610 1125 668 1188 est,
692 1116 746 1174 huc
761 1132 846 1172 unum
869 1114 969 1172 dicam.
1025 1123 1087 1187 post
1106 1122 1180 1170 ianm
1201 1123 1312 1188 tamque
1333 1114 1497 1172 incredibilia
1517 1114 1604 1187 signa,
1619 1121 1681 1182 post
1694 1121 1753 1169 tam
1765 1111 1825 1182 ¹im·

724 1228 853 1284 anthol
872 1228 985 1283 GAZAEI
1002 1225 1280 1284 COMMENTARIUS.

173 1340 218 1389 tus
230 1332 366 1413 Dominus
379 1333 532 1405 quindecim
545 1349 633 1391 annos
646 1334 670 1391 ei
684 1333 815 1405 adjecerit
826 1332 859 1389 ad
875 1331 971 1388 termi·
1024 1348 1083 1387 mos
1092 1335 1197 1408 estoito
1207 1334 1314 1388 addito.
1323 1333 1431 1403 Sedper
1439 1334 1597 1403 prophetem
1605 1331 1827 1394 Dominasdiait,

173 1418 243 1458 num
253 1412 314 1460 vitae
326 1405 478 1461 naturalem
492 1408 612 1475 llVlleq.
628 1423 682 1475 xx,
700 1411 725 1460 or
737 1409 815 1461 lseioe
827 1403 970 1474 xxxviii).
1026 1420 1079 1474 quo
1092 1409 1208 1474 tempore
1221 1405 1513 1474 moriipsemerebotur
1525 1423 1533 1458 r
1540 1419 1590 1474 per
1600 1404 1828 1472 lurqitotemoero

175 1476 207 1528 ln
220 1473 262 1528 his
275 1483 302 1530 et
316 1471 474 1547 huiusmodi
487 1477 568 1549 gestis
586 1476 751 1533 admirandis
763 1490 844 1531 nemo
861 1491 894 1530 ex
905 1475 974 1545 regi·
1026 1476 1214 1531 misericordior
1225 1477 1270 1531 illo
1277 1492 1336 1530 eum
1348 1481 1463 1546 tempore
1470 1477 1619 1530 odmortem
1625 1475 1744 1537 distulit,
1772 1474 1828 1529 aod

176 1545 228 1599 bus
250 1546 297 1615 qui
321 1547 406 1617 possit
427 1546 479 1603 dici
501 1549 598 1604 similis
621 1547 671 1604 illi.
699 1549 735 1603 Et
763 1546 837 1602 luere
862 1546 974 1618 quidem
1028 1490 1827 1617 untesoeouluipseproeseioit.Neeprophetuiqitursuiluae,

176 1623 232 1670 tres
246 1631 323 1687 reges
342 1617 387 1686 qui
404 1617 480 1673 valde
505 1619 664 1690 placuerunt
681 1618 800 1673 Domino
813 1615 849 1673 ob
867 1616 977 1687 religio-
1028 1619 1093 1687 quio
1103 1622 1205 1688 ternpus
1214 1621 1308 1673 mortis
1318 1620 1445 1684 innotuit,
1455 1634 1507 1687 quo
1518 1620 1561 1671 or'r
1574 1618 1699 1671 illemori
1709 1617 1830 1670 masbo-

179 1700 242 1740 nem
256 1695 283 1741 et
295 1686 432 1768 pietatem,
445 1689 507 1769 quia
522 1690 651 1745 nimirum
665 1688 779 1761 populos
793 1702 859 1754 suos
869 1685 977 1743 induxe-
992 1718 1016 1781 B
1030 1695 1076 1744 tur
1085 1707 1092 1742 :
1101 1690 1531 1745 neoDomiuieostotutocouuulso
1541 1691 1765 1758 suntqmbntcr
1774 1689 1830 1741 lor·
1888 1747 1890 1751 ¹

177 1763 243 1810 runt
260 1755 294 1811 ad
315 1765 512 1828 paenitentiam,
528 1767 555 1814 et
568 1758 602 1815 ad
614 1759 719 1815 cultum
734 1759 814 1815 unius
836 1760 892 1814 veri
910 1758 976 1825 Dei,
1030 1763 1113 1830 qitote
1125 1763 1175 1815 Dei
1183 1762 1316 1815 onnieitoe
1328 1764 1481 1821 eresceront,
1491 1761 1538 1814 hoc
1549 1759 1830 1828 quoqaeoutesoeeulo

115 1859 121 1865 ν
178 1826 349 1907 destruentes
366 1829 470 1884 cultum
481 1829 643 1887 idololatriae
657 1850 664 1885 ι
680 1830 707 1885 hi
721 1835 786 1885 sunt
801 1829 898 1896 David,
913 1831 977 1884 lize-
1028 1830 1832 1902 proefmamtuit,otqnesputiumuiteqaodinopinutesoris

179 1897 254 1953 ehras
270 1906 297 1952 et
319 1898 423 1960 iosias,
444 1901 472 1954 in
495 1917 613 1972 quorum
629 1901 738 1958 laudem
758 1901 858 1957 dicitur
872 1900 976 1957 Boules.
1032 1907 1071 1956 est
1082 1902 1217 1968 additum,
1240 1902 1296 1956 sine
1310 1907 1452 1971 ouqmento
1464 1904 1492 1955 in
1501 1903 1670 1971 prorseirntio
1686 1902 1743 1967 tart
1756 1902 1831 1955 intus

179 1983 275 2025 xcix:
292 1972 395 2024 Proser
408 1973 507 2036 Dauid,
518 1977 544 2026 et
559 1974 712 2035 Morbium,
729 1977 754 2026 et
766 1976 875 2035 lorium,
890 1987 978 2026 omues
1031 1977 1171 2028 slot-utum.
1188 1975 1325 2028 Hactenus
1339 1975 1394 2030 Gre
1414 1971 1488 2027 orius
1501 1973 1570 2037 ibib.
1585 1986 1631 2027 ιιι
1644 1972 1742 2027 Merui.
1754 1987 1776 2025 c.
1789 1978 1825 2036 2).

179 2045 316 2121 peccatum
337 2044 533 2121 commiserunt.
549 2042 630 2112 Quod
648 2043 681 2099 de
694 2032 803 2114 peceato
818 2042 978 2098 idololatriae
1068 2031 1081 2074 ‘¹
1098 2044 1134 2099 tv
1149 2044 1258 2115 Regum
1270 2059 1312 2099 xx
1328 2062 1334 2098 :
1351 1988 1469 2101 Redemit
1478 2045 1606 2100 Dominus
1617 2043 1727 2097 umbros
1737 2058 1788 2112 per
1801 2043 1832 2097 li·

182 2110 341 2181 mtelhgrtur
355 2127 382 2164 m
390 2128 418 2167 se
430 2113 481 2176 ,vel
489 2113 517 2169 in
528 2114 590 2169 aliis
601 2133 607 2168 :
618 2129 681 2169 cum
691 2122 891 2185 constetneque
899 2113 978 2168 Dasi-
1032 2129 1097 2169 neos
1108 2116 1204 2184 quibus
1213 2115 1274 2184 jum
1287 2116 1457 2170 descenderet
1468 2116 1497 2168 in
1514 2116 1649 2183 horoleqio
1664 2114 1765 2175 debas,
1786 2129 1833 2167 re-

182 2180 256 2246 dem,
268 2197 354 2253 neque
366 2183 509 2239 Ezechiam
519 2185 728 2257 excusariposse
741 2186 776 2240 ab
788 2184 979 2256 aliispeocatis.
1033 2191 1148 2240 trorsum
1161 2186 1247 2240 decem
1261 2187 1398 2253 qroulous.
1416 2188 1449 2240 Et
1463 2186 1540 2240 lsaiae
1549 2199 1674 2241 xxxvru
1687 2204 1693 2238 :
1707 2186 1772 2240 Eece
1786 2200 1833 2252 eqo

219 2249 276 2306 “ld
291 2262 342 2319 est,
356 2255 544 2335 ostentationis
555 2264 583 2312 et
597 2255 754 2312 cenodoxiae
766 2256 842 2324 vitio,
857 2255 930 2327 quod
946 2258 980 2309 D.
1035 2259 1133 2311 recenti
1141 2258 1514 2325 sociomumbromlineomm,
1523 2256 1833 2327 perqaasdescenderot,

183 2324 337 2404 bernardus
351 2332 390 2379 art
403 2328 413 2391 (
420 2327 504 2382 Serm.
524 2333 558 2383 st
568 2329 597 2382 in
609 2328 730 2392 Cantica)
742 2325 920 2409 significatum
935 2341 983 2397 per
1035 2328 1833 2396 inhoroloqierhozinsoleretrorsamdecemlineos.Etre-

183 2402 309 2465 sagrttam
324 2395 459 2451 volantem
475 2397 502 2451 in
516 2397 559 2453 die
580 2416 586 2452 :
604 2400 630 2454 Α
644 2401 756 2466 soqitto,
769 2399 866 2467 inquit,
878 2398 984 2452 uolente
1035 2414 1128 2454 uersas
1135 2405 1173 2453 est
1181 2400 1219 2454 sol
1230 2400 1317 2454 decem
1329 2401 1407 2454 lineis
1413 2416 1462 2469 per
1471 2401 1573 2469 qrodus
1630 2397 1834 2453 sdescenderat.

185 2467 214 2548 in
227 2466 280 2528 dre,
292 2482 352 2536 qum
367 2471 405 2521 est
415 2469 503 2523 irionis
514 2470 601 2538 qloriu
616 2489 624 2523 ε
635 2471 713 2536 tuom
721 2469 854 2538 siquidem
866 2469 948 2530 eolat,
959 2471 984 2523 et
1037 2469 1108 2525 Cum
1121 2469 1204 2540 igitur
1219 2468 1254 2525 de
1265 2472 1375 2525 veritate
1384 2470 1465 2539 hujus
1474 2472 1578 2525 miracu
1589 2486 1609 2536 r,
1624 2467 1686 2524 solis
1697 2467 1836 2523 nimirum

184 2537 245 2591 ideo
258 2539 287 2590 in
298 2538 355 2601 die,
370 2539 435 2608 quic
449 2556 482 2593 ea
500 2542 620 2610 operibus
633 2542 707 2595 luen.
725 2543 765 2596 lta
778 2540 934 2597 Bernardus
947 2539 984 2594 al·
1037 2541 1245 2606 retrocessione,
1269 2556 1316 2597 seu
1331 2541 1563 2612 retrogradatione
1585 2539 1737 2612 ingratiam
1758 2538 1838 2610 regis

187 2606 292 2678 ludens,
307 2607 414 2680 opinor,
429 2608 464 2665 ud
475 2610 544 2666 illud
559 2611 736 2683 virgilianum
751 2631 757 2665 ι
1039 2610 1164 2670 Ezeehiae
1174 2611 1297 2668 dubitare
1308 2628 1363 2668 non
1377 2611 1471 2680 liceat,
1483 2613 1517 2668 de
1532 2611 1616 2669 modo
1633 2619 1726 2665 tamen
1742 2623 1775 2664 ac
1787 2624 1838 2665 ra-

1038 2683 1172 2754 tionequa
1181 2682 1207 2738 id
1220 2684 1364 2756 contigerit
1375 2683 1446 2740 varie
1458 2682 1752 2752 sentiuntinterpretcs.
1763 2681 1839 2735 Non·

236 2751 312 2799 Fama
324 2749 417 2815 volans,
431 2765 480 2816 qua
495 2767 543 2803 non
553 2753 620 2803 alind
634 2753 744 2805 velocius
753 2752 838 2802 ullum.
1039 2754 1105 2809 nulli
1119 2754 1274 2810 existimant
1285 2755 1406 2811 solemia
1416 2755 1536 2825 instanti,
1550 2754 1602 2810 boc
1611 2760 1662 2820 est,
1673 2750 1837 2807 brevissimo

1041 2825 1172 2895 temporis
1184 2825 1334 2893 intervallo,
1346 2827 1534 2882 retrocessisse
1544 2826 1637 2881 decem
1650 2820 1778 2895 gradibus
1787 2836 1837 2877 sea

189 2897 335 2969 Quodnam
347 2915 410 2956 sero
424 2899 508 2957 suerit
527 2898 596 2957 illud
617 2899 744 2956 elationis
757 2914 804 2954 seu
824 2899 987 2954 ostentatio·
1041 2894 1131 2961 horis,
1153 2911 1214 2968 qum
1234 2913 1281 2968 per
1302 2897 1385 2970 lineas
1405 2896 1541 2969 horologii
1565 2893 1788 2968 designabantur,
1807 2901 1840 2948 at

188 2971 233 3025 nis
251 2970 388 3041 specimen
410 2972 439 3026 in
454 2972 588 3039 Ezechia,
604 2971 677 3041 quod
700 2969 744 3024 hic
761 2973 866 3024 Auctor
885 2970 988 3025 cursim
1041 2969 1130 3022 solent
1141 2970 1168 3022 iu
1181 2967 1331 3040 horologiis
1341 2968 1489 3025 sciotcrieis
1504 2969 1560 3024 sive
1572 2965 1723 3031 solaribus,
1746 2963 1834 3018 nimi·

190 3041 334 3113 praeteriit,
354 3043 385 3096 D.
401 3042 549 3114 Gregorius
564 3043 616 3098 hoc
633 3040 705 3095 idem
721 3047 916 3164 argumentum
929 3048 988 3096 tra·
1040 3054 1102 3093 rum
1125 3037 1159 3093 ab
1181 3037 1248 3095 hora
1267 3040 1372 3096 decima
1387 3038 1422 3095 ad
1436 3038 1534 3095 horam
1553 3038 1670 3109 primam
1697 3035 1750 3091 diei
1772 3035 1839 3090 arti·

169 3148 173 3154 -
192 3122 268 3169 etans
279 3129 293 3168 e
305 3114 444 3183 Scriptura
458 3113 595 3179 edisserit,
605 3118 633 3167 et
642 3118 749 3165 enarrat
770 3111 875 3167 ibrrrr
889 3112 985 3167 illumi.
1003 3117 1026 3181 c
1041 3107 1150 3177 liciniis,
1166 3117 1248 3181 atque
1271 3110 1334 3166 inde
1355 3125 1451 3167 rursus
1471 3124 1583 3166 cursum
1611 3122 1694 3164 suum
1707 3105 1841 3163 diurnum

191 3202 250 3257 cap.
266 3189 312 3250 36,
323 3183 370 3238 ubi
383 3190 527 3309 postguam
540 3188 751 3248 ostentatorum,
762 3191 790 3237 et
803 3181 988 3255 gloriosorum
1041 3180 1247 3252 redintegrasse,
1260 3197 1292 3236 ae
1304 3181 1405 3238 sensim
1423 3179 1457 3236 ad
1471 3196 1597 3237 occasum
1611 3177 1781 3258 processisse,
1797 3178 1840 3232 lta
1907 3253 1910 3258 .

192 3271 284 3311 mores
303 3252 431 3326 graphice
470 3254 590 3337 epinrit,
606 3253 718 3309 denium
735 3253 771 3308 ila
788 3253 880 3310 subdit
894 3270 902 3307 ε
916 3256 988 3322 an-
1041 3250 1186 3307 Chaldaeus
1208 3252 1407 3325 Parapbrastes.
1427 3252 1480 3306 Alii
1504 3267 1568 3307 vero
1589 3249 1739 3321 opinantur
1752 3248 1841 3303 lineas

193 3344 254 3381 rum
262 3327 474 3407 promogenitum
482 3326 530 3380 illu
540 3327 786 3381 mactisnotissima
799 3326 919 3381 brechio
930 3325 989 3380 eut-
1042 3322 1177 3395 horologii
1188 3338 1244 3379 uon
1254 3323 1407 3396 designasse
1415 3322 1495 3378 horas
1506 3323 1636 3393 integras,
1650 3319 1698 3376 sed
1708 3317 1842 3375 dimidia-

192 3414 229 3467 pu
243 3400 386 3466 fiquroutt,
407 3399 455 3465 qai
467 3402 625 3467 postquam,
643 3412 699 3451 uua
712 3412 790 3467 proce
807 3401 833 3451 et
846 3397 895 3452 sub
910 3399 989 3451 unitos
1041 3394 1214 3465 tussimque
1231 3394 1303 3450 diem
1327 3396 1411 3451 istum
1436 3393 1529 3449 decem
1549 3391 1623 3448 horis
1646 3389 1843 3447 tantummodo

193 3469 278 3521 noetis
288 3468 498 3535 spatiamentum
508 3469 767 3537 oetoqintuqur'nque
777 3467 865 3521 millia
875 3469 991 3522 hostium
1043 3465 1202 3531 excrevisse,
1213 3466 1333 3536 quinque
1341 3465 1462 3521 videlieet
1472 3464 1500 3519 in
1509 3470 1678 3536 retrogressu
1691 3462 1726 3517 ad
1737 3461 1839 3518 Orien-

194 3538 405 3606 unqelor'eriente
413 3540 990 3608 prostrauit;postquomoccosuiproaimam
1043 3543 1099 3591 tem
1109 3576 1117 3602 ,
1128 3542 1156 3590 el
1170 3536 1290 3608 quinque
1308 3537 1334 3591 in
1345 3551 1456 3592 recursu
1477 3535 1511 3591 ad
1525 3535 1598 3592 idem
1610 3541 1753 3606 punctum,
1768 3532 1844 3588 unde

195 3607 738 3678 adultioracclispatiosolemredauit,·
751 3612 896 3677 postquem
907 3610 991 3663 eitum
1043 3614 1242 3663 retrocesserat.
1268 3608 1376 3663 Horum
1410 3607 1572 3663 alterutrum
1593 3605 1707 3662 sensisse
1736 3601 1845 3660 ridetur

192 3679 391 3751 prepirrqaante
397 3678 458 3748 jum
473 3681 584 3734 lemniaco
594 3682 755 3733 coarctatum
770 3682 799 3733 in
811 3683 930 3748 temporo
938 3680 992 3734 lon·
1044 3676 1201 3742 Cassianus,
1210 3676 1279 3733 dum
1290 3677 1355 3733 dicit
1363 3678 1530 3749 duplicatam
1539 3680 1624 3744 subse
1634 3678 1704 3732 diem
1716 3677 1847 3730 universo

196 3752 272 3820 qioru
292 3749 436 3819 protelavit
456 3765 538 3804 :suso
574 3752 609 3804 tis
626 3751 781 3819 Bubplouici
805 3751 875 3818 repis
888 3753 992 3805 nuntiis
1044 3748 1118 3812 orbi,
1133 3747 1239 3804 duabus
1262 3756 1353 3804 tarum
1375 3749 1450 3805 horis
1472 3749 1561 3806 adhue
1580 3745 1751 3812 restantibus,
1775 3760 1847 3800 cum

197 3822 263 3877 bono
278 3822 368 3875 omniu
382 3837 442 3891 qum
461 3824 536 3892 possi
554 3822 615 3875 ebat
637 3821 833 3887 ostendit;·sed
853 3822 991 3899 propheta
1045 3818 1159 3892 quilibet
1169 3818 1227 3877 dies
1240 3819 1399 3889 artificialis,
1410 3830 1437 3875 et
1447 3820 1577 3892 quaelibet
1589 3835 1643 3876 nor
1654 3818 1682 3874 iu
1694 3814 1847 3873 duodecim

196 3908 255 3947 uoce
262 3893 386 3961 protinas
398 3892 664 3949 audiuit:liooedies
678 3893 994 3958 uerrient,ctauserentnr
1046 3897 1137 3962 partes
1148 3905 1172 3947 ae
1191 3891 1267 3948 aalcs
1281 3908 1329 3949 seu
1349 3892 1432 3948 horas
1453 3892 1526 3964 apud
1547 3900 1650 3947 veteres
1667 3886 1847 3952 divideretur,

198 3965 288 4018 maneo
299 3979 358 4032 quoe
371 3964 487 4019 indomo
502 3969 550 4018 tau
565 3968 639 4026 sant,
650 3965 678 4018 in
694 3963 854 4032 Babylonem
866 3982 874 4017 ε
886 3978 939 4016 non
950 3980 993 4018 re·
1047 3969 1079 4019 ut
1091 3977 1163 4089 saepe
1173 3907 1280 4020 dictum
1301 3972 1351 4020 est.
1373 3963 1465 4020 'sertia
1489 3972 1516 4018 et
1532 3963 1620 4019 aerior
1637 3960 1773 4016 sententia
1786 3967 1848 4026 est,

197 4037 334 4104 linquetur
346 4036 505 4105 quidquam,
520 4037 587 4090 dicit
599 4036 737 4091 Dominus.
747 4035 800 4096 sie,
813 4037 850 4088 sic
863 4035 994 4089 nimirum
1047 4046 1131 4103 quam
1141 4032 1196 4089 ibet
1210 4035 1321 4103 lineam,
1330 4050 1378 4092 seu
1391 4034 1508 4105 gradum
1521 4033 1619 4090 horam
1633 4032 1779 4102 integram,
1793 4029 1849 4085 boe

197 4107 758 4177 hypocrite,postqnommuqnisuirtatibus
764 4109 997 4175 encresmnt,quie
1051 4113 1104 4172 est,
1118 4105 1236 4177 spatium
1250 4107 1329 4162 unius
1340 4106 1415 4162 horae
1424 4104 1592 4176 designasse
1604 4119 1637 4161 ae
1648 4100 1762 4176 proinde
1774 4100 1849 4155 bunc

197 4194 286 4232 mucre
295 4178 476 4245 moliqnomm
483 4181 630 4250 spirituum
640 4177 755 4233 insidias
767 4176 915 4245 ueqliqnnt,
923 4182 948 4231 et
958 4194 998 4232 ee·
1050 4175 1123 4232 diem
1138 4182 1248 4232 auctum
1259 4176 1341 4233 luisse
1351 4176 1443 4248 riginti
1456 4176 1548 4243 horis;
1561 4185 1589 4232 et
1602 4191 1657 4230 nou
1669 4171 1848 4228 solummodo

199 4250 256 4301 luri
266 4250 294 4301 in
307 4246 403 4302 eisitan
415 4251 562 4305 virtutibus
572 4250 682 4316 nolunt3
695 4249 762 4303 bono
773 4263 824 4302 suu
836 4248 997 4303 ostendendo
1050 4245 1236 4316 duplicatum,
1250 4247 1298 4304 sed
1312 4247 1368 4303 iere
1388 4247 1567 4318 triplicatum,
1582 4254 1613 4302 ut
1634 4245 1682 4317 qui
1708 4243 1785 4300 horis
1799 4242 1848 4297 tri-

199 4317 316 4371 hostiom
326 4319 431 4383 tremunt
445 4338 452 4372 :
466 4324 490 4373 ot
499 4320 642 4388 prodentes
654 4321 741 4374 subito
755 4321 895 4381 omittant,
917 4319 997 4388 quid-
1050 4317 1125 4388 giuta
1143 4316 1249 4375 duabus
1270 4319 1422 4374 *illustratus
1435 4318 1530 4385 fuerit,
1552 4318 1610 4374 sole
1623 4331 1705 4387 supra
1717 4313 1851 4369 horizon-
1873 4355 1876 4360 .

200 4387 266 4457 qaid
288 4387 391 4440 diutius
415 4389 550 4442 studentes
575 4395 729 4458 operantur.
756 4391 824 4445 Haec
848 4389 998 4461 Gregorius
1051 4395 1106 4444 tem
1118 4388 1260 4444 existente.
1275 4392 1344 4462 Quia
1360 4389 1468 4462 quidem
1483 4388 1616 4445 sententia
1626 4394 1668 4443 est
1677 4389 1709 4442 B.
1722 4383 1850 4457 Dionysii

199 4455 340 4538 aptissime
352 4456 385 4511 ad
395 4456 586 4513 illustrandum
602 4457 673 4514 huuc
683 4458 802 4516 Cassiani
816 4459 907 4515 locum
916 4462 998 4527 (Vide
1010 4494 1036 4558 D
1051 4459 1240 4531 Areopagitae,
1265 4460 1307 4516 eui
1331 4477 1388 4542 prae
1401 4461 1506 4517 eaetcris
1529 4458 1716 4524 eredendum,
1735 4471 1800 4511 eum
1814 4455 1851 4511 ab

201 4527 297 4582 isidor.
312 4527 357 4580 hb.
369 4540 402 4582 ιιι
416 4528 565 4586 desummo
577 4532 647 4585 Dono
661 4546 692 4585 ro
714 4571 720 4584 .
734 4535 789 4598 23).
1052 4528 1176 4600 apostolo
1197 4529 1280 4586 Paulo
1293 4531 1451 4603 hujusmodi
1464 4531 1593 4603 mysteria
1616 4538 1643 4586 et
1662 4542 1761 4584 arcana
1776 4525 1852 4582 baad

214 4590 445 4680 ublate-idiotam
473 4599 605 4656 hactenus
627 4546 766 4670 legehatur
789 4600 873 4656 ctiam
893 4601 923 4657 in
940 4600 999 4658 edi-
1052 4600 1136 4657 dubie
1154 4600 1286 4658 didicerit.
1313 4604 1424 4659 lsenim
1443 4604 1473 4659 in
1490 4605 1513 4659 E
1533 4602 1605 4659 istol.
1620 4609 1646 4665 t,
1663 4599 1698 4656 ad
1720 4598 1851 4671 Polycar·
1882 4644 1887 4653 .

200 4677 274 4724 tione
289 4668 456 4751 l’lantrnruna
473 4677 500 4726 et
514 4671 707 4743 Lugdunensi,
724 4687 787 4728 cum
806 4679 898 4728 tamen
916 4688 999 4729 nemo
1053 4688 1118 4756 pum
1128 4672 1297 4746 episcopum,
1309 4673 1343 4729 dc
1353 4674 1407 4730 hoc
1418 4619 1547 4731 miraeuio
1559 4672 1673 4744 loquens
1688 4690 1694 4725 :
1709 4669 1850 4738 Quodam,

200 4755 256 4795 non
271 4739 360 4796 videat
373 4740 519 4815 legendum
531 4757 590 4799 esse
602 4743 742 4807 iudmtnm,
760 4751 792 4800 ut
803 4753 829 4800 et
846 4745 998 4800 manuscri-
1052 4743 1152 4815 inquit,
1163 4745 1219 4800 dics
1229 4749 1357 4816 perpetuo
1372 4746 1470 4802 lamine
1487 4747 1569 4816 triplo
1581 4747 1666 4813 fame
1679 4757 1763 4813 quom
1774 4741 1852 4802 solet.

200 4811 239 4882 pti
256 4810 369 4867 docent.
384 4812 484 4869 indixit
502 4814 591 4882 enim,
605 4830 663 4870 uon
679 4815 818 4873 interdixit
835 4815 919 4871 isaias
933 4830 996 4886 pro·
1052 4815 1139 4885 major
1152 4817 1253 4884 effoeto
1265 4821 1317 4884 est;
1330 4821 1358 4872 et
1369 4818 1462 4871 cutum
1473 4820 1546 4872 intro
1555 4818 1657 4885 uiginti
1666 4815 1758 4875 hores,
1772 4826 1854 4882 quem

201 4882 281 4953 pheta
305 4884 427 4941 Ezechiae
448 4886 506 4958 regi
531 4885 680 4943 terminum
706 4886 786 4955 tilae,
801 4903 864 4943 eum
880 4886 913 4942 ad
933 4901 998 4943 eum
1047 4885 1107 4956 jam
1119 4892 1245 4957 caeperat
1265 4904 1386 4950 cursum,
1400 4889 1600 4958 retrogradiens
1615 4887 1732 4956 rmetiit,
1746 4885 1854 4953 ipsmn-

201 4961 381 5035 aegrotantem
397 4956 498 5012 missus
511 4956 577 5013 dixit
590 4975 597 5012 :
610 4960 725 5029 Dispoue
738 4960 830 5015 domin
842 4963 894 5014 tuoe
909 4976 917 5012 :
932 4960 998 5027 quio
1052 4975 1102 5028 que
1115 4962 1200 5014 iotam
1211 4974 1306 5013 rursus
1324 4961 1397 5013 intro
1412 4960 1499 5014 decem
1509 4961 1579 5014 ulios
1589 4974 1659 5012 noua
1670 4955 1794 5026 quodam
1808 4969 1854 5008 ro·

202 5025 608 5094 moneristmetnonoiuesssv
618 5033 747 5098 ch.xx‚
760 5031 997 5097 isuaiaxxxvur).
1052 5032 1122 5085 tione
1143 5030 1264 5097 mnsccit.
1291 5033 1345 5085 Hoc
1366 5029 1483 5099 profecto
1511 5031 1670 5084 mirantium
1692 5027 1854 5095 Dabqicmbs

237 5096 248 5125 ⁰
263 5093 407 5175 Quomodo
430 5096 555 5177 bacchias
575 5099 731 5168 quindecim
750 5101 813 5157 anni
837 5099 921 5157 additi
943 5100 999 5162 sint
1053 5105 1116 5156 turre
1129 5103 1223 5156 merito
1235 5103 1341 5164 termit,
1355 5105 1380 5155 et
1393 5101 1491 5171 ubsque
1499 5117 1603 5172 pugno,
1618 5099 1750 5162 Ezechiae,
1760 5103 1793 5152 ut
1805 5097 1856 5167 qui

203 5172 264 5246 post
275 5164 408 5247 indictum
420 5173 481 5222 vitae
488 5169 647 5237 terminum,
656 5170 806 5242 mortisque
816 5168 888 5226 diem
900 5171 999 5226 Domi·
1052 5175 1105 5228 Deo
1116 5175 1261 5243 patoretur
1278 5172 1401 5241 aqualis,
1413 5173 1533 5243 subjecit.
1557 5173 1624 5227 Haee
1638 5173 1674 5225 D.
1690 5168 1852 5241 Dionysius.

202 5250 228 5288 nr
240 5242 370 5314 sententia
383 5235 559 5318 praeiinitum,
572 5248 604 5295 ut
617 5246 720 5297 Auctor
736 5241 866 5314 loquitar,
879 5242 915 5296 D.
929 5241 998 5297 Gre·
1053 5245 1093 5298 Ex
1112 5242 1211 5314 quibus
1233 5250 1307 5313 patet
1321 5258 1423 5311 tanum
1444 5258 1502 5298 esse
1523 5259 1554 5299 ac
1567 5241 1646 5298 futile
1660 5255 1758 5298 eorum
1778 5253 1856 5294 eom-

203 5319 296 5430 gcrrus
316 5318 423 5378 egregie
442 5306 537 5364 itidem
556 5311 688 5381 explicat,
703 5319 730 5367 et
744 5311 857 5368 resolvit
877 5310 912 5366 ad
924 5311 1000 5368 illum
1054 5323 1177 5369 mentum
1189 5312 1235 5384 qui
1246 5322 1343 5385 putant
1355 5313 1406 5369 hoe
1418 5314 1579 5370 miraculum
1594 5313 1685 5370 solum
1697 5310 1856 5386 apparuisse

213 5390 296 5431 ocum
309 5378 325 5430 J
328 5375 379 5445 ob,
393 5379 563 5435 constituisti
574 5384 698 5439 tenniuos
716 5384 788 5453 ejus,
803 5383 853 5451 qui
861 5387 1002 5452 preteriri
1053 5383 1082 5439 in
1094 5384 1234 5457 horologio
1248 5383 1342 5441 Aehaz
1353 5400 1401 5440 seu
1415 5384 1623 5450 manniacum
1639 5400 1695 5441 non
1708 5383 1737 5439 in
1755 5381 1855 5438 Judaea

202 5462 262 5530 uon·
269 5451 404 5517 poteramt.
418 5453 497 5514 Etsi,
513 5451 613 5523 inquit,
625 5470 708 5509 onnes
718 5453 870 5523 quindecim
880 5455 1000 5510 mecum
1053 5462 1178 5524 tantum,
1198 5455 1247 5513 sed
1265 5456 1292 5511 iu
1309 5455 1437 5514 Chaldaea
1454 5458 1544 5513 visum
1558 5454 1659 5512 inerit:
1677 5455 1750 5512 unde
1763 5462 1793 5509 et
1806 5467 1855 5510 rex

203 5534 261 5587 reqe
272 5519 309 5602 od
320 5522 405 5575 uitam
417 5521 525 5577 addidit
533 5526 696 5595 oran-lpotens
708 5529 788 5586 Dens,
799 5539 858 5578 cum
865 5538 924 5579 cum
934 5528 1002 5581 mori
1054 5525 1200 5598 Babylonis
1220 5527 1329 5584 nuutios
1341 5527 1417 5584 misit
1429 5526 1464 5584 ad
1487 5528 1634 5584 Ezechiam
1647 5541 1713 5584 cum
1728 5523 1856 5583 muneri·

200 5593 410 5675 permutatum
423 5609 482 5647 eum
496 5597 633 5664 prescivit
644 5611 699 5652 esse
714 5596 885 5650 montanum.
898 5597 956 5663 Oreo
972 5600 1001 5652 in
1053 5595 1116 5663 bus,
1131 5605 1191 5653 tum
1206 5606 1236 5654 ut
1250 5597 1272 5654 ei
1292 5597 1326 5655 de
1340 5597 1463 5655 miranda
1473 5599 1532 5671 ejus
1545 5598 1687 5655 curatione
1750 5597 1855 5654 tulare-

202 5666 860 5747 relquasttooretnr,quomodoeiperprophetom
873 5668 999 5724 dicatur:
1053 5677 1114 5736 ιιι(
1128 5674 1224 5725 tumui
1237 5671 1619 5741 interrogarentdeportento,
1637 5684 1689 5740 quo
1718 5669 1856 5725 maderol

199 5735 316 5802 Drspoue
327 5735 418 5818 dunat
429 5740 565 5807 tumqmu
578 5741 699 5793 morieris
710 5743 750 5799 tu,
762 5743 787 5793 et
797 5755 848 5794 nort
859 5742 930 5794 oinos
939 5759 947 5794 ε
956 5742 1002 5794 cui
1053 5745 1254 5811 superterram,
1273 5748 1303 5796 ut
1317 5741 1433 5798 habetur
1444 5741 1513 5798 libro
1532 5740 1652 5799 meando
1666 5739 1788 5813 Paralip.
1808 5753 1856 5797 oa-

186 5817 250 5856 enm
261 5809 362 5861 mortes
372 5810 509 5865 sententio
518 5808 594 5866 dieto
602 5813 655 5876 est,
664 5812 792 5883 protiosus
801 5811 839 5868 od
847 5812 905 5884 ejus
918 5813 999 5882 loorq·
1053 5812 1110 5885 pite
1123 5812 1262 5885 trigesimo
1275 5812 1406 5870 amando.
