3848 6158
115 243 153 296 tu

496 239 702 296 lLLUS'ililUli
723 238 883 297 ttuottutt
901 242 949 297 DF.
964 242 988 299 J.
1009 242 1174 300 CASStttttu
1193 244 1411 304 TESTIMONIA.
1474 270 1479 277 ·

1747 260 1783 315 50

114 366 216 425 saltem
241 363 316 421 illius
335 363 433 422 litterae
446 363 559 423 credite.
574 365 643 421 Nam
662 380 731 435 nos,
745 381 779 423 eo
799 366 922 439 doctore,
936 371 963 435 Α
978 368 1176 438 Collationum,
1190 379 1218 427 et
1232 371 1294 428 vitae
1308 375 1422 431 Patmm
1442 381 1601 432 sanctorum
1611 416 1620 444 ,
1632 378 1660 433 in
1681 380 1781 451 quihus

116 459 188 517 banc
203 457 332 532 paginam
351 458 533 515 exaravimus.

399 555 428 610 S.
444 555 596 609 mnrium
610 557 644 608 ¹:

150 649 178 705 S.
196 646 372 715 Dominicus,
396 654 427 703 ut
449 646 477 700 in
497 645 557 718 ejus
579 647 634 703 rita
657 647 768 720 legitur,
798 655 922 723 satagens

114 738 303 812 perfectorum
318 739 421 795 imitari
436 739 559 811 vestigia,
578 739 652 796 etad
666 740 800 797 virtutum
812 741 919 815 lastigie

115 831 295 902 contendere,
318 831 417 888 libmm
441 831 535 901 illum,
559 832 607 905 qui
623 833 786 892 collationes
807 839 920 893 Patrnm

112 926 281 992 inscribitur,
306 925 425 983 studiose
453 925 601 999 legendum
630 929 763 999 suscepit,
793 929 921 1002 deditque

114 1036 226 1094 operam
246 1029 277 1077 nt
290 1021 358 1078 lecta
371 1020 550 1092 intelligentia
570 1020 831 1092 comprehenderet,
850 1022 919 1081 alle-

113 1122 160 1172 ctn
173 1113 294 1192 sentiret,
316 1112 420 1171 ellectu
432 1120 634 1184 exsequeretur,
648 1110 742 1168 didicit
753 1115 827 1170 enim
841 1130 875 1171 er
886 1130 920 1173 eo

112 1209 262 1282 puritatem
283 1207 390 1278 cordis,
413 1205 653 1278 contemplationis
671 1207 758 1278 tiam,
783 1209 919 1267 omnium·

113 1317 168 1373 qne
183 1302 311 1385 virtutum
327 1301 532 1374 perfectionem.

117 1397 274 1451 Vincentius
291 1397 500 1523 Belmifffi
511 1411 543 1536 a}
554 1409 642 1523 aege,
662 1397 765 1467 Specul.
783 1398 917 1457 autumi.

439 1510 446 1522 .
503 1506 512 1535 ,
630 1509 637 1521 .

147 1558 254 1616 Clamit
265 1573 298 1617 eo
316 1559 580 1633 temporetiionorii
601 1559 710 1634 imper.)
727 1562 768 1619 vir
784 1562 915 1638 illustris,
980 1615 987 1628 ,

111 1652 231 1724 prudeus
243 1661 273 1709 et
293 1652 443 1723 lacundus',
456 1655 576 1711 ioannes
591 1654 729 1720 Eremita,
748 1656 794 1727 qni
813 1665 841 1713 et
854 1658 918 1714 Cas·

108 1744 211 1803 sianus.
238 1747 293 1804 Hic
312 1747 399 1805 multa
420 1747 527 1819 scripsit
548 1748 644 1805 :iuter
662 1764 723 1821 quae
745 1749 830 1806 etiam
848 1745 952 1809 titasB
969 1721 1131 1783 ‘emantur
1145 1730 1177 1770 ²¹⁰
1191 1717 1313 1774 ‘minent

108 1839 220 1896 Patrem
237 1840 265 1896 in
290 1842 405 1913 AEgypto
426 1849 599 1914 compertas,
616 1839 809 1914 doctrinasque
822 1852 849 1900 et
870 1861 912 1902 re·

107 1933 186 2005 grtias
200 1934 270 1991 datis
285 1934 319 1991 ad
335 1934 466 2006 plurimos
480 1933 559 1992 libris
575 1935 710 2008 esposuit.
727 1940 777 2004 (ut
794 1939 872 2005 infra
885 1944 913 2006 z)

977 462 1101 519 doctrina
1112 465 1197 521 totins
1211 464 1396 539 perfectionis,
1409 476 1437 525 et
1447 469 1649 543 aedillcationis,
1665 488 1698 530 ac
1717 490 1781 534 sott-

977 559 1116 616 ctimoniae
1133 562 1300 619 continetur.

1160 676 1190 729 Β.
1206 677 1351 745 Dionysius
1370 678 1590 736 Coniunctus:

1010 771 1081 841 Quid
1094 772 1128 829 de
1145 776 1250 833 Joanne
1271 779 1401 836 Cassiano
1423 781 1535 854 ejusque
1556 783 1664 856 scriptis
1685 799 1778 842 sense-

974 861 1011 917 rit
1032 863 1414 937 Diouysius'Carthusianus,
1437 874 1468 929 in·
1489 875 1694 946 praelationibus
1718 894 1776 936 suae

943 1025 948 1029 Ι
974 958 1145 1030 paraphrasis
1164 962 1232 1018 satis
1252 966 1381 1022 ostendit.
1401 971 1472 1024 Nam
1495 970 1522 1025 in
1549 973 1638 1042 prima
1663 973 1776 1045 quidem

973 1047 1044 1105 inter
1070 1053 1250 1118 uenerabiles,
1282 1072 1314 1112 ac
1332 1057 1525 1117 devotissimos
1553 1065 1647 1119 Patres
1675 1073 1775 1122 aetmna

973 1145 1105 1200 memoria
1119 1145 1231 1219 dignos,
1249 1150 1385 1207 ioannem
1401 1151 1561 1209 Cassiamm
1579 1165 1607 1211 et
1625 1157 1775 1214 Climacum

972 1248 1143 1297 annumerat.
1165 1243 1196 1298 ln
1213 1245 1331 1301 secunda
1353 1246 1552 1304 Collationihus
1564 1250 1685 1320 praelixa,
1698 1251 1775 1308 enut-

971 1332 1034 1390 dem
1055 1335 1266 1395 illustrissimum
1281 1341 1388 1397 Patrem
1408 1343 1541 1399 nominat.
1563 1344 1691 1400 interlin
1710 1340 1773 1403 Col·

971 1426 1064 1484 lationi
1088 1431 1237 1490 undecimae
1261 1436 1418 1507 praemissa,
1439 1453 1503 1494 cum
1525 1438 1584 1495 aliis
1605 1439 1773 1498 Ductoribus

970 1522 1170 1595 ecclesiasticis,
1192 1544 1311 1600 quorum
1331 1531 1429 1603 scripta
1450 1532 1608 1589 obscuriora
1631 1541 1659 1589 et
1676 1533 1773 1590 dillici-

969 1615 1036 1673 hora
1048 1617 1191 1676 conterens
1207 1638 1214 1676 :
1239 1645 1251 1671 ι
1267 1624 1341 1680 inter
1355 1623 1560 1697 hujuscemodi,
1573 1625 1676 1698 inquit,
1689 1626 1772 1683 libros

1334 1718 1472 1775 volumina
1489 1719 1662 1775 illustrissimi
1682 1720 1772 1777 Patris

970 1807 1154 1880 praecipuique
1177 1812 1305 1867 Doctoris
1320 1813 1444 1871 omnium
1465 1813 1670 1885 religiosorum,
1688 1817 1772 1870 ioan-

965 1900 1006 1955 nis
1020 1901 1150 1958 Cassiaui.
1168 1925 1182 1952 s

105 2028 188 2084 Certe
203 2028 286 2102 huju,
299 2029 429 2101 opumuya
447 2029 563 2086 muggam
585 2029 798 2087 ,edificationem
821 2033 912 2088 cong,
960 2016 1078 2070 dounncs
1098 2010 1259 2073 Tra'themius
1269 2021 1298 2072 in
1311 2019 1438 2088 Cotolopo
1452 2022 1604 2076 illustrium
1619 2025 1768 2079 Virorum:

102 2129 175 2177 nent
192 2121 360 2192 animarum,
383 2131 412 2181 et
433 2122 571 2181 luculento
591 2139 719 2181 sermone
739 2125 879 2182 nitescunt
902 2145 909 2182 :
1000 2125 1118 2180 Joanues
1131 2125 1290 2195 Cassianus,
1307 2127 1417 2182 natione
1435 2127 1551 2198 Scytha,
1565 2127 1636 2183 beati
1655 2131 1770 2187 loannis

99 2230 158 2270 nec
176 2215 247 2271 inter
260 2218 348 2273 multa
370 2217 545 2290 antiquorum
564 2219 691 2291 opuscula
710 2218 861 2291 quidquam
875 2218 910 2276 ad
965 2215 1154 2287 chrysostomi
1169 2219 1464 2290 constantinopolitani
1485 2220 1605 2292 episcopi
1628 2220 1767 2293 quondam

100 2307 265 2378 spirituales
279 2308 431 2380 prolectas,
447 2318 527 2383 atque
543 2310 717 2382 perlecmnts
731 2313 834 2383 apicem
850 2321 910 2369 ten-
963 2307 1071 2364 uuditor
1084 2318 1166 2382 atque
1184 2311 1347 2381 discipulus,
1359 2319 1387 2367 et
1400 2310 1435 2368 ab
1456 2327 1489 2368 eo
1505 2311 1637 2369 diaconus
1658 2313 1768 2371 ordina-

100 2399 182 2457 denti
206 2402 299 2457 utilius
320 2402 437 2460 arbitror
453 2419 497 2460 me
516 2404 620 2478 legisse.
643 2407 714 2462 llam
738 2414 765 2461 et
778 2408 812 2461 B.
827 2408 909 2462 Pater
962 2408 1021 2470 tus,
1044 2410 1108 2474 post
1125 2405 1232 2476 aliquot
1254 2421 1341 2462 annos
1362 2404 1525 2474 abeodem,
1544 2407 1637 2463 nescio
1655 2416 1768 2480 propter

99 2503 196 2551 noster
209 2494 381 2565 Dominicus,
396 2504 427 2552 ut
440 2496 469 2552 in
487 2497 546 2569 ejus
559 2499 611 2555 rita
626 2498 737 2570 legitur,
756 2499 860 2555 librum
873 2498 908 2554 il·
960 2511 1044 2568 quam
1064 2513 1177 2554 causam
1198 2499 1347 2570 expulsus,
1366 2499 1439 2570 apud
1455 2499 1603 2556 hlassiliam
1626 2500 1768 2572 presbyter

101 2588 161 2644 lum
174 2589 221 2661 qni
236 2589 404 2646 Collationes
420 2593 533 2647 Petrum
550 2591 716 2660 inscribitur,
731 2591 851 2649 studiose
868 2591 907 2648 le·
961 2600 1147 2658 consecratus,
1161 2591 1216 2648 duo
1242 2592 1420 2661 monasteria,
1437 2592 1577 2660 uirorum,
1594 2592 1711 2660 scilicet,
1735 2608 1767 2649 ac

101 2698 179 2754 gens,
192 2698 224 2739 ac
241 2683 383 2755 vigilanter
398 2684 561 2758 intelligens,
582 2686 676 2743 salutis
695 2686 724 2742 in
744 2702 777 2743 eo
792 2688 908 2744 rimatus
944 2683 1109 2739 mulierum
1130 2684 1253 2741 condidit
1272 2703 1279 2740 :
1299 2685 1327 2740 in
1348 2686 1446 2756 quibus
1467 2684 1597 2757 regularis
1617 2683 1766 2756 disciptinae

101 2777 226 2845 semitm,
251 2793 382 2850 magnum
402 2778 577 2850 perfectionis
593 2780 699 2852 apicem
717 2780 904 2852 apprehendit.
960 2775 1050 2832 lervor
1074 2792 1189 2849 magnus
1211 2778 1334 2849 pluribus
1356 2779 1435 2834 anuis
1463 2778 1622 2848 permansit.
1652 2778 1767 2848 Scripsit

101 2872 168 2943 Agit
188 2871 321 2943 siquidem
341 2872 409 2929 tiber
432 2873 482 2930 1⁸10
504 2872 539 2930 (ιθ
563 2874 654 2932 cordis
669 2872 794 2946 puritate,
817 2874 851 2931 dp
865 2875 906 2931 vy.
959 2869 1127 2941 experientia
1140 2869 1269 2941 magistra
1283 2870 1360 2941 plura
1376 2870 1517 2940 opuscula,
1530 2869 1558 2924 iu
1573 2870 1765 2939 quibusetiam

96 2963 156 3032 tiis,
170 2963 244 3020 etde
258 2965 383 3020 omnium
397 2964 566 3036 perfectione
582 2967 716 3024 uirtutum
734 2988 740 3023 :
760 2969 839 3041 cuius
854 2968 907 3024 ire·
959 2962 1031 3034 apud
1054 2963 1232 3034 interpretem
1262 2963 1364 3035 eloquii
1389 2969 1518 3019 venustas
1546 2961 1728 3033 conspicitur3
1750 2978 1766 3019 o

101 3071 187 3127 quens
207 3056 286 3113 lectio
309 3056 411 3114 Christi
429 3057 599 3130 ,discipulum
620 3060 655 3117 nd
680 3060 794 3117 multam
814 3056 905 3118 cordis
959 3071 1077 3128 (tuorum
1089 3071 1204 3112 numeru
1217 3055 1341 3113 ittuntur
1358 3077 1365 3113 :

101 3150 244 3220 puritatem
266 3159 294 3207 et
315 3149 352 3207 ad
371 3152 611 3224 cointemptatioms
636 3168 742 3221 arcem,
768 3164 798 3212 et
817 3155 905 3212 totius
995 3152 1037 3205 De
1057 3149 1243 3206 intimatione
1257 3149 1370 3205 Domini
1384 3149 1514 3207 advenas
1536 3149 1693 3206 Nestorium
1709 3150 1784 3231 hae¹

99 3243 249 3315 spiritualis
260 3246 405 3318 usetptinae
418 3247 625 3319 perfectionem,
639 3250 726 3321 grana
738 3250 905 3323 opitulante,
958 3241 1073 3298 reticem
1096 3242 1142 3298 tib·
1166 3250 1286 3313 septem,
1306 3258 1375 3314 quos
1397 3242 1506 3314 ntrinsit
1521 3246 1764 3314 rogatusanaom
1842 3314 1848 3326 ,

99 3336 238 3408 proterit.
444 3399 446 3402 ¹
959 3333 1162 3397 archidiacono,
1179 3345 1272 3407 postea
1289 3339 1420 3392 itomanae
1435 3336 1511 3392 urbis
1523 3336 1661 3410 episcopo.

324 3435 353 3491 S.
371 3436 485 3490 Thomas
503 3437 652 3506 Αᾳιιιῖηαεε
670 3455 676 3491 :
995 3432 1037 3485 De
1052 3428 1185 3485 institutis
1196 3428 1408 3500 monachorum,
1421 3429 1480 3485 libri
1492 3438 1619 3502 quatuor.

136 3527 185 3582 Est
200 3525 251 3582 hoc
264 3542 373 3598 quoque
387 3529 416 3583 in
433 3537 530 3584 sancto
550 3529 607 3585 tiro
623 3529 810 3600 memorabile,
829 3530 904 3602 quod
993 3527 1035 3579 Du
1048 3532 1110 3580 001⁰
1125 3523 1285 3596 capitalibus
1302 3525 1385 3589 titiis,
1400 3524 1464 3581 libri
1479 3533 1552 3581 ⁰010·

97 3634 162 3674 cum
178 3619 203 3674 ei
217 3629 288 3676 esset
299 3621 446 3695 integrum,
462 3621 578 3679 libenter
591 3623 688 3680 solitus
706 3622 790 3679 luerit
801 3623 905 3695 aliquid
994 3620 1158 3676 Collationes
1176 3622 1223 3676 SS.
1237 3623 1350 3676 Petrum
1370 3620 1464 3692 viginti
1480 3628 1610 3691 quatuor.

98 3710 125 3767 in
140 3714 255 3769 Patrum
276 3713 473 3770 Collationibns
491 3715 619 3783 lectitare,
634 3731 669 3771 ne
681 3731 714 3772 er
731 3732 822 3772 rerum
840 3717 905 3773 sub-
995 3713 1027 3766 lu
1049 3711 1093 3766 his
1106 3711 1308 3769 Collatiunibus
1321 3714 1370 3769 SS.
1388 3713 1518 3781 Petrum,
1534 3713 1608 3770 utilis
1621 3720 1649 3769 et
1672 3727 1764 3768 neces·

98 3805 190 3861 tilium
212 3805 396 3878 speculatione
426 3805 541 3863 allectus
566 3807 624 3879 ejus
647 3823 704 3864 non
736 3808 802 3864 nihil
831 3817 905 3879 tepe-

97 3906 201 3966 sceret,
218 3906 363 3971 possetque
379 3914 409 3956 se
428 3915 523 3957 rursus
543 3899 650 3959 facilius
671 3900 705 3957 ad
723 3900 813 3957 divina
839 3917 904 3957 con·

97 3992 256 4063 temptanda
279 3993 406 4065 colligere
428 4001 455 4050 et
474 3993 588 4065 erigere.
615 3996 650 4049 Et
675 3993 703 4049 in
716 3994 770 4050 hoc
792 3994 903 4065 quidem

98 4085 128 4141 S.
150 4085 330 4143 Dominieum
346 4095 465 4143 sectatus
485 4093 542 4154 est,
561 4101 642 4158 quem
660 4085 688 4141 in
707 4087 765 4159 ejus
786 4087 845 4142 libri
864 4088 904 4144 le-

98 4176 195 4232 ctione
218 4186 324 4234 constat
343 4197 506 4253 magnopere
529 4180 612 4237 luisse
634 4179 798 4237 delectatum
823 4179 903 4237 etad

98 4285 231 4343 maguam
259 4273 317 4330 ritae
341 4255 534 4346 perlectionem
557 4274 701 4330 incitatum
727 4284 809 4347 atque
840 4290 904 4348 pro·

98 4374 219 4422 motum.

135 4471 222 4536 marn
241 4471 354 4526 libenter
372 4487 403 4526 oc
421 4474 578 4542 frequenter
601 4472 673 4526 idern
692 4474 719 4529 S.
748 4475 861 4529 Thomas
875 4476 904 4528 in

96 4555 148 4595 stur
163 4543 276 4597 Summo
290 4543 445 4612 Theoloqicu
463 4545 620 4600 Cassianum
635 4545 711 4605 citet,
730 4549 755 4598 ei
767 4561 801 4598 ecc
816 4561 845 4598 eo
863 4545 906 4599 cei

97 4618 262 4679 argenteum
274 4613 425 4684 άψτοτηαὶ,
438 4615 479 4668 uel
491 4628 554 4668 suus
566 4615 743 4668 conclusiones
758 4618 903 4683 confirmet,

95 4683 200 4737 ridebit
219 4684 308 4746 lector,
327 4686 352 4738 si
371 4685 518 4754 placuerit,
531 4687 560 4738 in
580 4687 646 4738 meis
660 4687 852 4749 notationibus,
875 4690 905 4741 in

96 4754 196 4823 mribus
211 4756 236 4809 si
256 4770 309 4809 non
322 4757 427 4819 omniu,
446 4761 515 4812 cerie
525 4756 656 4826 pleraque
675 4758 730 4811 loco
748 4760 843 4811 notatu
856 4772 900 4811 re-

92 4828 193 4894 periei.

95 4899 213 4951 ioannes
232 4912 249 4949 u
268 4897 790 4953 Turrecremoioccrdinolistruci.107
805 4902 834 4953 in
851 4903 902 4956 Re-

133 4969 228 5036 gulum
241 4971 274 5022 D.
290 4969 435 5032 Benedicti,
451 4973 572 5025 tractans
582 4969 664 5023 verbu
678 4985 761 5038 sup-ro
772 4973 856 5025 citata
868 4987 902 5024 eu

132 5054 194 5108 cup.
214 5044 270 5093 tn:

132 5133 212 5201 Hoc,
237 5133 339 5206 inquit,
362 5142 435 5191 recte
459 5143 487 5191 et
517 5134 921 5222 sanctissime,popstitetum‚

95 5235 148 5294 est,
165 5227 230 5300 quia
244 5228 283 5284 sic
298 5244 331 5285 ex
343 5229 460 5286 lectione
477 5229 521 5286 illa
534 5229 660 5286 monachi
680 5211 825 5312 msteiiam
838 5219 904 5311 prdiss
920 5217 929 5226 ”

95 5319 233 5378 nicationis
255 5331 284 5379 et
311 5323 465 5382 devotionis
488 5323 596 5381 haurire
621 5298 847 5396 possunt,'uirde
868 5323 904 5380 ad

96 5416 341 5489 contemplationis
363 5416 559 5487 altitudinem,
583 5417 683 5479 silentii
701 5425 915 5503 ,tempusue-3

99 5506 171 5566 leam
192 5512 349 5584 promoveri
371 5533 378 5569 :
399 5521 427 5569 et
446 5512 482 5569 ad
494 5512 554 5570 haec
570 5491 654 5570 recte'
665 5494 828 5594 electistinft
842 5496 903 5574 libri

140 5654 151 5684 ¹
164 5655 246 5778 iim
259 5657 371 5712 Surium
384 5662 400 5712 5
412 5657 540 5725 Augusti.

138 5715 180 5780 bl
195 5743 236 5780 em
259 5728 339 5782 habet
356 5729 385 5784 S.
405 5730 537 5785 Antoren.
560 5726 716 5800 archiepisc.
740 5728 910 5784 Florentium

93 5800 177 5865 port.
193 5811 216 5853 tt
229 5801 301 5853 litet.
322 5801 364 5854 iit.
382 5805 425 5855 to.

920 4512 946 4576 D

958 3806 1029 3862 saria
1052 3806 1250 3863 monachorum
1267 3805 1404 3863 institutio
1425 3815 1484 3877 est3
1507 3805 1555 3864 sed
1575 3808 1639 3878 quia
1658 3822 1706 3876 per
1728 3806 1760 3859 B.

959 3901 1125 3972 Prosperum
1147 3901 1182 3956 de
1208 3900 1314 3956 arbitrii
1344 3898 1486 3966 libertate,
1510 3901 1538 3955 in
1570 3898 1652 3954 certis
1672 3913 1765 3970 reprc-

959 3992 1097 4063 henditur‚
1113 3994 1244 4066 opuscula
1271 3993 1328 4065 ejus
1348 3992 1421 4049 inter
1439 3990 1596 4064 apocrypha
1615 4004 1764 4046 numeratu·

958 4091 1014 4139 tur.
1035 4086 1154 4140 bloritur
1177 4084 1287 4140 tandem
1303 4092 1366 4153 post
1388 4083 1540 4137 multorum
1560 4081 1710 4135 editionem
1734 4078 1765 4133 li·

958 4175 1072 4232 brorum
1091 4177 1163 4247 apud
1181 4175 1347 4241 Massiliam,
1361 4189 1417 4229 non
1436 4174 1496 4228 siue
1518 4173 1648 4242 opinione
1665 4170 1765 4227 sancti·

957 4268 1038 4335 tatis,
1066 4267 1224 4322 Theodosio
1251 4265 1442 4322 Valentiniano
1475 4262 1668 4338 regnantibus,
1691 4279 1765 4321 auno

958 4358 1075 4415 Domini
1091 4363 1153 4414 435.

960 4476 1056 4529 Petrus
1069 4474 1205 4542 episcopus
1214 4472 1369 4541 Equilinus,
1382 4472 1505 4539 vulpodo
1515 4473 1763 4537 Natalibusdiclus,

1045 4546 1074 4597 in
1095 4544 1222 4611 Cululoqo
1242 4545 1402 4599 Surtclorttrn
1424 4544 1470 4596 lib.
1484 4558 1528 4598 vtt
1543 4559 1600 4612 cup.
1621 4549 1679 4599 59:

993 4655 1022 4710 S.
1039 4654 1182 4711 Cassianus
1196 4653 1347 4726 presbyter,
1373 4652 1478 4726 dequo
1499 4652 1584 4709 frater
1603 4654 1763 4711 Vincentius

959 4755 987 4802 ct
1002 4746 1170 4813 Gennadius,
1193 4746 1291 4802 claruit
1302 4754 1426 4818 tempore
1447 4746 1565 4801 Honorii
1584 4749 1700 4817 imper,
1723 4747 1765 4802 vir

955 4839 1071 4896 illustris
1091 4848 1119 4897 et
1140 4839 1289 4908 iucundus,
1304 4839 1358 4894 alio
1381 4838 1493 4894 nomine
1516 4839 1607 4894 dictus
1627 4837 1760 4894 Eremitn.

957 4933 1010 5003 Qui
1032 4932 1066 4989 de
1085 4921 1231 4989 Ecclesiad
1254 4933 1464 5000 constantinop.
1486 4946 1534 5002 per
1547 4929 1691 4987 lraereticos
1710 4932 1765 5005 eje.

956 5035 1017 5082 ctus
1041 5027 1069 5081 in
1091 5025 1213 5081 lilassilia
1236 5026 1333 5082 Galliae
1355 5024 1499 5097 presbyter
1521 5024 1681 5094 ordinatus,
1710 5025 1764 5084 duo

956 5120 1082 5190 condidit
1095 5106 1272 5208 bisinstidi,
1285 5120 1408 5175 virorum
1421 5127 1447 5175 et
1463 5120 1621 5187 muliemm,
1637 5126 1691 5177 etc.

933 5284 938 5296 ,
958 5194 1121 5290 Gurdinii-lis*
1133 5198 1340 5302 pih'iim'o'riae
1360 5231 1540 5287 Bellorminus
1555 5232 1623 5286 lib-ro
1640 5232 1673 5287 dc
1692 5234 1765 5289 sm·-

1182 5304 1304 5390 plora'bus
1320 5303 1534 5382 Doclesinslict's:

994 5385 1339 5501 Joaqpejs‘qassi'anussssss
1357 5415 1471 5470 Joanuis
1489 5413 1679 5488 chrysostomi
1699 5415 1766 5470 olim

958 5508 1106 5579 diaconus,
1124 5503 1153 5565 ¹et
1167 5488 1262 5581 p'os't'ee
1282 5499 1315 5565 ad
1336 5487 1438 5565 Gallias
1452 5506 1584 5564 accedens
1608 5507 1698 5580 ibique
1725 5522 1768 5564 se-

998 5656 1106 5725 ‘Apud
1124 5656 1234 5712 Surium
1248 5657 1276 5708 in
1291 5657 1348 5710 rito
1362 5655 1420 5724 eires
1437 5661 1452 5709 7
1468 5656 1572 5710 Martia.

998 5714 1147 5796 dltopltoel
1172 5728 1368 5784 volaterranus
1389 5728 1469 5782 habet
1487 5723 1764 5797 (Hierosolymitnunl
1777 5766 1824 5796 a

964 5798 1127 5868 Anthropol.
1143 5798 1189 5854 lib.
1210 5812 1279 5854 xiv.
