3848 6158
191 269 241 323 tet
557 267 560 274 ’
862 259 1002 317 tutunus
1019 259 1170 318 CASStANl
1792 274 1847 330 ιιι

192 401 332 466 superata,
353 407 406 448 nec
424 391 494 448 serti
519 389 620 457 earnis,
645 403 696 445 uec
721 386 836 444 iniamus
860 387 989 444 vitiorum
1003 390 1030 454 Α
1045 388 1112 445 bore
1129 386 1281 460 conquisito
1304 389 1444 462 gratiores
1464 407 1569 465 pugnas
1588 393 1772 465 nequitiarum
1786 411 1845 456 ιιι-

192 496 256 544 uota
281 486 462 559 pronuntiati,
486 485 560 540 velut
583 483 611 538 in
635 480 805 554 Olympiacis
824 480 989 553 disciplinis,
1045 478 1155 536 testium
1176 479 1309 553 experiri,
1328 480 1376 554 qui
1396 497 1507 539 carnem
1529 483 1651 559 fragilem
1669 487 1843 547 resistentem

129 596 131 600 ·
189 581 375 655 judicabimur
388 578 564 651 superiorum
586 589 695 647 quoque
714 574 895 632 certaminum
915 575 990 648 digni
1043 569 1148 643 spiritui
1166 579 1264 628 nomro
1285 572 1431 646 subjugare
1451 575 1633 648 nequivimus.
1661 577 1743 648 Quod
1763 582 1844 654 Apo-

191 691 249 733 esse
265 674 405 738 condictu,
419 669 622 743 praemissisque
633 666 822 740 hujuscemodi
834 667 989 725 documen·
1042 662 1104 719 stoli
1124 662 1314 721 te‘stimcnium
1332 681 1388 722 non
1408 667 1591 742 intelligentes
1604 669 1716 742 quidam
1739 687 1844 746 posue-

191 770 241 839 tis,
265 765 450 840 spiritualibus
472 777 582 835 quoque
602 760 729 833 nequitiis
753 759 883 834 congredi
907 776 987 832 passe
1042 764 1108 813 runt
1125 773 1175 830 pro
1196 757 1341 816 indicativo
1359 762 1511 832 optativum
1529 762 1654 832 modum,
1669 764 1696 822 id
1711 774 1764 837 est,
1777 775 1842 826 tcu-

190 865 345 926 credemur,
364 874 426 932 quae
448 873 504 914 uon
522 855 574 913 uisi
596 855 745 912 victoribus
763 862 883 924 mutum,
898 861 926 910 et
945 854 987 912 his
1040 851 1108 908 utto
1125 866 1175 907 ros
1192 867 1248 908 nou
1264 852 1459 924 apprehendat,
1479 855 1532 912 nisi
1551 856 1682 914 humana.
1703 859 1787 932 Quod
1804 860 1841 919 alr

190 958 236 1031 qui
256 960 398 1011 merentur
415 951 442 1007 iu
459 950 572 1023 spiritali
586 964 673 1020 agone
686 947 860 1017 contendere,
875 962 986 1004 concer·
1040 945 1100 1016 ipsc
1117 946 1206 1018 magis
1218 945 1273 1002 dici
1290 945 1481 1004 manisfestum
1499 956 1551 1016 cst,
1568 964 1625 1005 non
1642 952 1773 1023 optantis,
1789 955 1839 1012 sed

180 1052 249 1106 'tare
266 1048 422 1120 dignantur.
445 1041 517 1099 lllud
537 1042 609 1098 euim
629 1048 671 1098 est
685 1048 848 1106 cunctorum
863 1040 989 1098 luctami·
1039 1038 1251 1110 pronuntiantis,
1266 1038 1307 1094 vel
1321 1040 1512 1111 exprobrantis
1528 1040 1640 1100 ellectu.

189 1157 256 1198 num
279 1117 357 1195 ⁸¹velut
378 1134 517 1209 quoddam
538 1132 737 1189 solidissimum
760 1126 987 1199 fundamentum,
1327 1140 1449 1198 CAPUT
1467 1143 1558 1199 xvn,

189 1240 200 1270 ⁸
214 1243 243 1292 ut
256 1232 383 1305 primitus
397 1226 549 1285 carnalium
564 1225 765 1283 desideriorum
777 1224 911 1281 incentiva
927 1239 987 1296 per·
1042 1237 1331 1308 Quogsgnggmgnrgm
1340 1239 1691 1310 acrasmpggapgwong
1700 1244 1840 1313 pnqagsg,

186 1329 314 1383 imautur.
328 1325 400 1379 Nam
413 1321 513 1387 nullus,
526 1334 607 1376 carne
621 1318 730 1392 propria
746 1334 802 1374 uou
817 1317 934 1387 devicta,
946 1319 994 1398 ¹⁰7
1201 1311 1315 1378 milii&
1329 1311 1367 1363 ιιι
1383 1313 1527 1365 “immitti
1539 1312 1677 1367 ctilvctlia·

187 1419 284 1494 gitime
305 1415 445 1472 decertare
461 1412 570 1484 poterit.
592 1413 628 1467 Et
650 1410 697 1482 qui
717 1411 839 1483 legitime
860 1425 917 1466 uon
934 1409 986 1467 de-
1074 1410 1123 1466 Vis
1134 1409 1228 1467 audire
1241 1424 1335 1466 verum
1349 1408 1480 1467 athletam
1494 1411 1617 1469 Christi‘
1637 1413 1760 1488 legitimo
1772 1430 1841 1490 ago.-

187 1519 285 1578 certat,
302 1509 361 1564 siue
382 1505 465 1562 dubio
480 1520 531 1560 nec
547 1505 576 1559 in
594 1518 681 1575 agone
697 1500 853 1575 confligere,
869 1517 920 1560 uec
936 1517 986 1559 co·
1037 1501 1080 1557 uis
1098 1501 1161 1574 iure
1181 1501 1348 1558 cenantem?
1374 1503 1445 1575 Ego,
1470 1503 1575 1576 inquit,
1597 1505 1635 1562 sic
1662 1521 1761 1575 curro,
1783 1523 1841 1565 uon

186 1615 262 1657 rcnae
281 1597 409 1672 gloriam,
423 1610 474 1651 nec
492 1593 612 1650 victoriae
628 1592 858 1665 grstiampoterit
874 1607 985 1663 prome·
1038 1592 1114 1668 quasi
1139 1596 1168 1651 in
1191 1596 1340 1663 incertum;
1369 1596 1409 1652 sic
1430 1611 1537 1673 pugno,
1560 1614 1617 1654 nou
1641 1600 1719 1672 quasi
1745 1616 1840 1658 aerem

185 1694 250 1750 reri.
278 1688 358 1765 Quod
386 1689 409 1745 si
433 1687 487 1743 hoc
509 1685 647 1743 fuerimus
675 1686 828 1742 conamine
852 1685 983 1758 superati,
1040 1690 1184 1746 verberans
1202 1712 1209 1747 ι
1227 1689 1276 1747 sed
1296 1688 1399 1763 castigo
1418 1706 1519 1764 corpus
1539 1707 1644 1760 meum,
1664 1701 1692 1749 et
1714 1695 1839 1752 servituti

186 1787 259 1843 relat
279 1784 349 1840 serti
371 1780 486 1838 carnalis
506 1778 733 1853 concupiscentie
753 1779 937 1852 comprobati,
958 1788 986 1837 et
1000 1771 1025 1833 B
1040 1785 1173 1857 subjicio,
1195 1801 1230 1843 ue
1251 1785 1312 1842 aliis
1331 1785 1480 1858 praedicaus
1502 1786 1559 1858 ipse
1579 1787 1713 1859 reprobus
1734 1787 1840 1845 eilicisr

186 1899 234 1956 per
253 1883 306 1938 hcc
323 1895 377 1937 uec
400 1878 533 1936 libertatis
551 1892 601 1934 uec
618 1876 726 1935 roboris
747 1876 864 1950 insignia
885 1876 986 1950 praet'c·
1039 1878 1061 1944 (l
1078 1879 1137 1936 Gor.
1156 1878 1211 1951 tal.
1229 1879 1312 1937 Vides
1331 1880 1402 1936 utin
1418 1879 1519 1952 seipso,
1533 1879 1561 1936 id
1577 1888 1630 1949 est,
1646 1882 1673 1937 in
1689 1896 1771 1938 carne
1785 1896 1836 1939 sua

184 1985 286 2044 rentes,
301 1972 490 2045 aspiritalium
505 1958 730 2044 congressionum
745 1970 886 2041 condictu,
899 1979 931 2027 ut
945 1971 987 2028 iu·
1038 1969 1262 2027 colluctationum
1280 1986 1417 2028 summata
1434 1972 1508 2028 velut
1527 1972 1555 2028 iu
1571 1971 1635 2029 base
1656 1972 1774 2044 quadam
1788 1972 1837 2030 tir·

185 2069 258 2140 digni
277 2067 417 2136 servique,
432 2080 488 2120 nou
507 2063 565 2119 sinc
587 2059 757 2119 confusionis
774 2070 840 2119 uota
861 2064 986 2136 protinus
1037 2064 1160 2121 missima
1178 2065 1319 2133 statuerit,
1334 2074 1360 2122 et
1378 2075 1540 2138 proventum
1558 2081 1655 2140 pugnae
1670 2066 1697 2121 iu
1713 2066 1772 2123 sola
1787 2081 1834 2123 ca·

183 2161 354 2233 repellemur.
372 2157 473 2214 Omnis
490 2156 565 2212 enim
577 2155 623 2228 qui
639 2153 705 2211 iacit
719 2165 875 2227 peccatum,
890 2172 985 2215 servus
1037 2159 1184 2231 stigatione
1199 2159 1328 2215 caruis-et
1343 2158 1371 2214 ia
1389 2159 1558 2231 subjectione
1576 2160 1618 2217 sui
1631 2161 1756 2231 corporis
1776 2159 1834 2217 col·

183 2260 225 2308 est
244 2250 346 2324 pcccati
368 2253 457 2310 ticon.
480 2252 562 2314 vrri).
579 2247 745 2318 Diceturque
761 2247 840 2303 uobis
855 2265 903 2319 per
915 2250 984 2307 bea·
1037 2250 1150 2306 locarit?
1163 2253 1223 2322 Ego
1239 2251 1329 2323 itaque
1341 2251 1381 2307 sic
1393 2266 1474 2308 curra
1487 2267 1542 2308 ucu
1555 2251 1630 2323 quasi
1645 2251 1672 2307 io
1686 2251 1831 2308 incertum.

182 2352 242 2401 tum
257 2344 422 2416 Apostolum
435 2356 499 2397 cum
512 2340 554 2396 his
567 2339 639 2396 iuter
653 2354 722 2411 quos
736 2338 882 2398 fornicatio
896 2344 982 2400 nomi·
1035 2347 1098 2400 lton
1118 2346 1205 2401 currit
1227 2346 1255 2400 iu
1277 2345 1430 2414 incertum,
1452 2347 1499 2416 qui
1520 2346 1659 2402 coelestem
1680 2346 1833 2403 Jemsalem

184 2445 289 2494 natur:
309 2432 322 2470 l
342 2435 469 2492 Teutatio
489 2448 538 2490 vos
557 2449 613 2489 ucn
635 2431 829 2504 apprehendat,
854 2434 906 2489 uisi
924 2436 979 2491 lru·
1033 2437 1216 2509 conspiciens,
1229 2435 1350 2492 delirum
1364 2435 1447 2492 hebet
1460 2452 1514 2508 quc
1527 2435 1579 2492 sibi
1595 2437 1685 2493 cordis
1702 2437 1745 2493 sui
1762 2435 1836 2495 iude

182 2529 297 2603 manati
316 2531 374 2587 cor.
389 2533 432 2595 x).
451 2529 512 2584 Nau
533 2525 607 2583 enim
628 2524 797 2583 merebimur
813 2528 914 2585 mentis
936 2545 981 2586 rc-
1034 2528 1158 2586 flexibilis
1178 2530 1215 2585 sit
1233 2528 1375 2602 dirigenda
1390 2528 1544 2601 pernicitas.
1561 2531 1623 2586 Nou
1637 2529 1725 2586 currit
1742 2530 1771 2586 in
1789 2530 1836 2587 iu-

732 2651 859 2708 auauur
877 2653 991 2711 cazat
1010 2653 1288 2712 constructurus.
1350 2630 1360 2650 ’

218 2766 230 2795 ⁸
246 2760 341 2818 blultis
356 2757 445 2814 verbis
459 2757 486 2815 id
500 2755 616 2813 adstruit
632 2758 668 2811 D.
684 2755 836 2828 Gregorius
851 2757 899 2814 lib.
918 2775 983 2816 xxx
1036 2762 1086 2816 col.
1109 2765 1120 2815 t
1140 2777 1162 2816 c.
1185 2759 1239 2831 rt),
1257 2758 1350 2832 legunt
1364 2757 1462 2830 tiltres,
1476 2755 1665 2830 apprehendit,
1685 2757 1711 2813 ia
1728 2768 1836 2830 praeter·

183 2832 328 2888 llloralium
340 2831 417 2900 (Cap.
431 2833 476 2896 26)
492 2829 618 2891 :thoitus
632 2826 727 2899 inquit,
737 2828 860 2897 palmam
871 2832 982 2900 spirita·
1036 2831 1083 2887 ito.
1099 2832 1189 2901 Quam
1203 2829 1344 2887 lectionem
1356 2837 1468 2885 secutus
1480 2831 1515 2884 D.
1529 2829 1679 2901 Cyprianus
1692 2828 1738 2884 lib.
1752 2843 1789 2886 ιιι
1798 2830 1835 2887 ad

185 2905 218 2957 lis
232 2903 386 2958 certaminis
398 2899 585 2971 apprehendit,
599 2900 706 2968 quinon
717 2899 746 2951 iu
758 2901 895 2969 semetipso
904 2903 984 2970 prius
1036 2902 1179 2973 Quirinum
1193 2917 1252 2973 cap.
1267 2905 1296 2955 tlt
1312 2899 1378 2956 dicit
1393 2919 1400 2954 τ
1421 2902 1542 2956 Tentatic
1555 2914 1600 2954 uos
1616 2915 1668 2954 non
1682 2903 1830 2969 componit,

183 2991 233 3044 per
244 2976 376 3042 afflictum
387 2973 487 3025 ceatms
499 2971 737 3039 ccamtpisccatiam
748 2971 839 3023 carnis
848 2973 982 3026 incentiva
1035 2975 1090 3027 nisi
1098 2974 1226 3027 hermano.
1240 2977 1329 3041 Atque
1341 2971 1394 3027 hoc
1407 2972 1490 3027 modo
1500 2985 1597 3026 seusus
1611 2969 1693 3041 hujus
1705 2971 1755 3026 loci
1770 2978 1812 3026 est
1823 2990 1831 3026 2

185 3047 321 3100 omnent.
338 3045 429 3112 Neque
442 3043 512 3096 enim
526 3040 564 3095 ad
578 3042 727 3108 mollietum
741 3042 874 3110 spiritales
886 3046 982 3111 cgcuis
1036 3046 1097 3099 lton
1108 3043 1232 3114 estquod
1244 3041 1406 3112 gloriemini,
1417 3041 1551 3098 autrobis
1561 3039 1741 3112 applaudatis,
1754 3041 1831 3111 quasi

186 3118 350 3183 assurgitur,
364 3115 389 3166 si
399 3128 451 3166 noa
461 3113 538 3182 prius
549 3112 623 3164 iutra
634 3113 805 3181 nosmetipsos
815 3113 898 3167 bostis
906 3116 982 3183 posi-
1036 3113 1138 3185 aliquid
1149 3113 1239 3186 magni
1248 3111 1395 3184 gesseritis,
1407 3113 1483 3184 quasi
1492 3126 1623 3194 magnum
1630 3119 1766 3166 cermmeu
1776 3126 1833 3168 sas-

186 3191 240 3248 ιιι,
256 3187 326 3256 gulae
339 3184 461 3237 uidelicet
476 3183 622 3252 appetitus,
637 3180 774 3236 edometur
787 3199 795 3235 τ
810 3184 877 3251 qam
892 3185 917 3237 si
929 3200 983 3239 non
996 3162 1019 3226 C
1035 3184 1179 3251 tinueritis,
1192 3193 1220 3239 et
1230 3183 1377 3253 hostejam
1387 3182 1501 3247 decimo,
1514 3181 1686 3306 trrumsshum
1696 3190 1833 3262 exspecte-

185 3274 216 3312 ea
231 3273 291 3327 qua
308 3257 384 3310 uobis
405 3258 469 3309 suat
488 3254 617 3306 υιιιιιιιι
629 3255 835 3322 persentimus,
853 3256 982 3309 nimirum
1035 3254 1070 3310 tis
1081 3274 1088 3310 ι
1101 3254 1595 3324 Τιιιιιιουιιιιιιιριιιιιιιιιι,ιιει
1617 3268 1727 3313 umam,
1739 3251 1766 3307 rd
1778 3260 1831 3320 est,

184 3323 980 3394 irroaiteradeaquolongiussuertimpugnondc,tran'simus.
1036 3323 1111 3393 levis,
1131 3335 1158 3381 et
1171 3339 1233 3396 qum
1247 3323 1326 3380 iaeilc
1340 3325 1460 3395 superari
1475 3324 1575 3394 potuit,
1586 3324 1664 3395 justa
1681 3321 1748 3378 itlud
1762 3321 1833 3394 ejus·

184 3401 320 3453 brerrssum
332 3410 448 3464 aamqm
457 3399 549 3449 contro
561 3395 705 3449 celeriores
717 3395 838 3449 inimicos
847 3411 876 3448 m
890 3411 981 3466 campo
1035 3394 1099 3452 deru
1114 3396 1238 3466 Apostoli
1258 3412 1265 3448 :
1284 3398 1439 3451 Humanum
1453 3395 1511 3450 dioc
1521 3399 1632 3465 propter
1648 3394 1831 3462 infirmitatem

185 3469 404 3534 bellumgrro'tur,
413 3468 517 3519 siirrtra
526 3465 981 3533 ipsaurbismoeaiaciuisinsidicns
1035 3469 1123 3521 comis
1132 3470 1228 3522 cestra
1239 3469 1325 3530 (Rern.
1340 3467 1393 3533 vr).
1402 3465 1531 3520 Nondum
1545 3465 1620 3519 enim
1631 3463 1767 3545 graviores
1778 3479 1829 3535 pu·

184 3538 308 3590 babetur.
322 3538 395 3590 Mens
406 3551 511 3603 quoque
522 3537 582 3603 ipsc
594 3536 720 3589 certmrtis
731 3535 870 3602 subgrcci
881 3538 980 3603 ceusu-
1034 3550 1102 3607 gaas
1121 3536 1303 3606 spiritualium
1318 3536 1497 3605 nequitiarum
1516 3535 1667 3605 excepistis.
1688 3533 1830 3602 Nondum,

183 3609 266 3660 sionis
275 3606 400 3660 dedecore
410 3621 426 3657 o
438 3606 571 3673 spiritalis
581 3607 732 3659 certaminis
745 3607 928 3673 ccrtgressione
936 3622 980 3661 re·
1034 3615 1066 3661 ut
1079 3606 1113 3663 ad
1124 3608 1257 3662 Hebraeos
1268 3604 1463 3676 scribiturque
1474 3607 1511 3660 ad
1521 3608 1680 3675 sanguinem
1692 3607 1831 3662 retentis

182 3679 303 3747 pellitur,
314 3676 422 3745 quondo
431 3677 541 3743 infirmo
550 3677 578 3728 ia
588 3678 677 3729 caruis
688 3676 793 3744 proelio,
804 3676 997 3744 grtlaeglodiis
1034 3678 1115 3742 (Heb.
1145 3683 1216 3742 xtt).
1243 3679 1280 3732 At
1309 3675 1421 3733 latinus
1443 3677 1577 3747 interpres
1601 3676 1695 3748 legisse
1723 3675 1832 3732 videtur

183 3751 306 3816 ccrrscsso
318 3749 472 3816 superatur.
484 3747 553 3825 llam
562 3761 620 3799 arm
632 3746 761 3871 septennis
771 3748 909 3815 prosterni
916 3762 981 3801 ιιι-
1034 3745 1155 3817 clippiaco
1173 3745 1359 3818 apprehendat
1378 3766 1384 3801 :
1403 3762 1486 3819 quam
1503 3747 1654 3803 versionem
1667 3744 1752 3802 secuti
1766 3746 1836 3802 suut'

182 3823 272 3889 spirit,
292 3819 431 3885 confligere
448 3817 597 3885 majoribus
612 3832 662 3870 eru
679 3818 751 3871 comt.
769 3817 899 3872 Nonnulli
917 3833 980 3873 cero
1033 3819 1125 3874 caeteri
1145 3818 1233 3873 latini
1252 3823 1392 3883 auctores,
1411 3817 1508 3887 quibus
1529 3833 1584 3873 ucn
1602 3825 1692 3888 potest
1704 3817 1828 3873 Cassiam

182 3892 304 3945 ordinem
313 3889 466 3943 tutaminis
478 3890 643 3956 ignorantes,
656 3886 780 3941 edomare
793 3886 886 3954 gulam
894 3888 978 3956 negli-
1032 3902 1092 3943 eam
1106 3888 1285 3961 improbantis
1300 3889 1446 3944 auctoritas
1460 3887 1590 3961 derogare
1608 3907 1614 3941 :
1634 3898 1662 3944 et
1675 3887 1764 3959 magis
1778 3903 1830 3943 cs-

181 3966 257 4029 guat,
274 3962 366 4030 etjam
381 3960 418 4013 cd
431 3960 568 4028 spiritalia
583 3958 651 4012 bella
665 3961 839 4026 consurgunt.
855 3958 909 4024 Qui
923 3959 979 4015 ali·
1032 3957 1117 4016 haeret
1132 3974 1196 4015 cum
1213 3959 1428 4031 precedentibus
1450 3976 1456 4012 :
1475 3959 1529 4025 Qui
1542 3974 1569 4013 se
1588 3961 1727 4014 aestimat
1743 3962 1828 4023 stare,

150 4092 152 4098 ‚
181 4032 552 4103 gerorrdcraultoetirrm,gute
561 4028 980 4096 mognaentntsortitudiaisto·
1032 4031 1170 4085 uideritne
1185 4030 1276 4085 cadat.
1297 4032 1418 4084 Teutatio
1433 4045 1479 4084 ecs
1493 4044 1546 4083 non
1561 4029 1758 4110 apprehendat,
1774 4032 1830 4084 nisi
1869 4034 1873 4040 '

182 4107 255 4159 cirrrrt
282 4101 526 4158 :seddcminante
546 4100 974 4168 circumlocutionibus
1033 4101 1161 4157 bumaria.
1191 4109 1229 4156 Ac
1252 4100 1274 4154 si
1299 4111 1392 4172 aperte
1417 4100 1533 4164 diceret,
1559 4109 1597 4154 art
1619 4103 1653 4154 D.
1677 4098 1830 4170 Gregorius

182 4176 269 4239 brom,
288 4190 363 4238 omae
379 4173 451 4242 guod
468 4173 579 4239 sortiter
597 4172 701 4238 egerint
716 4168 850 4239 perdunt;
868 4176 894 4226 et
912 4171 977 4226 dum
1034 4171 1100 4242 (bib.
1117 4175 1263 4228 rPastcra.
1279 4186 1301 4226 c.
1319 4175 1364 4235 rt)
1378 4173 1552 4242 :flamarum
1564 4170 1674 4239 gamem
1686 4174 1829 4225 esttenta·

180 4248 272 4294 center
290 4259 343 4296 reon
362 4245 545 4309 restringitur,
562 4256 613 4311 per
634 4242 725 4295 carnis
739 4243 977 4310 concepissentiam
1031 4245 1129 4298 tionem
1144 4247 1173 4297 in
1192 4241 1268 4297 corde
1279 4243 1387 4313 perpeti
1391 4260 1400 4307 3
1413 4242 1605 4296 daemoniacum
1616 4256 1678 4296 cern
1692 4243 1721 4295 in
1735 4245 1828 4295 teuto·

182 4314 281 4363 eurrotce
299 4311 381 4364 simul
393 4313 506 4365 uirtutes
521 4312 682 4365 obruemur.
704 4311 777 4365 Unde
795 4315 821 4366 et
838 4313 978 4368 Nabuchc-
1031 4315 1112 4367 timer's
1124 4315 1267 4368 certamine
1278 4314 1414 4382 superori.
1429 4315 1464 4367 Et
1475 4312 1521 4366 lib.
1535 4326 1590 4367 xxt
1603 4311 1699 4367 Moral.
1714 4326 1773 4382 cap.
1789 4315 1826 4366 ιε

180 4381 294 4434 ‹lorrcscr
312 4381 432 4433 uincente
451 4381 579 4432 scribitur
600 4398 609 4432 ε
628 4382 754 4450 Ρ-ιιιιιρι
770 4397 914 4451 manorum
931 4382 977 4438 de·
1029 4383 1167 4447 Humana,
1183 4382 1282 4454 iuquit,
1293 4385 1405 4438 tentatio
1417 4387 1466 4445 est,
1479 4398 1533 4452 qua
1543 4383 1701 4454 plerumque
1711 4384 1740 4436 in
1753 4384 1829 4451 cogi·

179 4451 284 4503 strnaait
296 4464 386 4503 muros
399 4449 565 4503 Hierusalem
579 4449 624 4514 (tv
640 4453 703 4517 neq.
720 4451 804 4522 xxv).
820 4452 892 4518 Quid
905 4456 976 4507 enim
1031 4456 1131 4512 tattone
1149 4455 1288 4524 tangimur
1307 4456 1389 4508 etiam
1402 4455 1544 4508 nolentes:
1564 4457 1631 4523 quia
1644 4458 1676 4507 at
1690 4467 1827 4507 nonnum·

176 4535 228 4590 per
238 4534 327 4573 muros
342 4518 507 4574 Hierusalem
517 4521 672 4588 significans
683 4522 826 4592 Scriptura
836 4525 974 4591 reprimit,
1030 4539 1113 4592 garam
1123 4525 1255 4581 stillicito
1264 4524 1302 4578 od
1311 4526 1432 4578 antimum
1441 4526 1561 4586 omioni,
1572 4526 1619 4578 hcc
1627 4527 1719 4593 utique
1731 4538 1766 4577 ear
1776 4538 1838 4582 arc·⁴
1895 4537 1908 4563 0

179 4592 234 4645 erasi
250 4592 362 4645 uirtutes
377 4592 485 4651 areima,
503 4605 563 4658 ιιι
581 4591 618 4645 ad
634 4595 709 4662 pacis
727 4593 856 4646 visionem
868 4593 977 4648 tendit?
1031 4595 1193 4665 bismetipsis
1203 4610 1237 4650 ιι
1246 4596 1423 4650 humanitatis
1432 4596 1614 4664 mmrtptibilis
1620 4595 1739 4664 pondere
1749 4594 1828 4648 habe

178 4665 269 4719 distros
280 4663 366 4731 igitur
379 4661 546 4716 llicmrsolem
558 4664 683 4732 prirrccps
695 4677 839 4732 coquorum
848 4662 974 4728 destruit,
1028 4681 1098 4721 mus.
1112 4668 1173 4720 lom
1184 4682 1246 4720 cero
1260 4666 1424 4721 demoniaco
1436 4670 1484 4727 est,
1497 4670 1522 4720 et
1533 4681 1586 4720 nou
1599 4666 1719 4719 humana
1733 4668 1828 4719 teuto·

178 4738 244 4805 quio
254 4737 367 4789 uirtutes
374 4735 482 4795 anima,
490 4732 555 4786 datm
563 4748 616 4787 non
625 4735 812 4802 restringitur,
822 4738 976 4804 centuper·
1029 4738 1075 4799 tic,
1091 4752 1152 4791 cum
1166 4737 1204 4791 ad
1222 4737 1269 4791 hcc
1280 4737 1353 4807 quod
1366 4739 1454 4791 carreis
1467 4736 1678 4806 corruptibilitas
1692 4736 1825 4804 suggerit,

177 4809 229 4862 dit.
246 4809 315 4862 Hirro
330 4812 369 4861 est
387 4805 459 4877 grtcd
475 4805 575 4860 Pardus
589 4810 681 4859 contra
698 4803 866 4860 iiienrsalem
877 4807 975 4860 meniu
1026 4822 1239 4875 pmcmrsensum
1251 4822 1279 4863 se
1290 4809 1397 4862 animm
1406 4808 1549 4875 astringit;
1560 4808 1727 4862 hincitetum
1736 4805 1825 4861 dr‘eit:

177 4879 328 4933 decertanti
344 4893 486 4947 ccqucmtm
497 4876 620 4946 principi
635 4877 706 4930 uires
722 4874 900 4930 subtrahebat
914 4892 974 4930 crem
1028 4879 1088 4933 Nou
1103 4882 1194 4947 regnet
1203 4882 1342 4948 peccatum
1355 4880 1384 4932 in
1398 4883 1484 4933 cestro
1497 4878 1609 4932 mortali
1618 4892 1727 4947 corpore
1736 4878 1825 4940 (Rern.

177 4949 276 5002 diceret
289 4967 296 4999 :
309 4949 416 5016 Castigc
426 4963 522 5017 corpus
530 4963 628 5009 mmm,
639 4947 796 5001 etscruituti
805 4946 930 5018 subjicim
940 4963 974 5002 nc
1027 4951 1071 5014 vt)
1086 4967 1091 4979 ·
1103 4953 1240 5019 peccatum
1252 4951 1351 5018 quippe
1360 4950 1389 5002 in
1400 4963 1507 5018 corpore
1518 4949 1689 5002 mortalium
1700 4961 1765 5011 esse
1777 4945 1827 5001 sed

176 5019 247 5084 sorte
256 5017 318 5068 aliis
327 5019 490 5084 predicans,
501 5020 512 5070 i
530 5033 557 5071 se
567 5018 694 5087 reprobus
700 5019 806 5086 ιιιιιιι
813 5020 835 5083 (1
847 5020 905 5075 Gor.
917 5024 972 5088 tx).
1029 5034 1144 5087 regnare
1154 5020 1308 5091 prohibuitr
1321 5021 1387 5088 quic
1401 5021 1430 5072 in
1440 5035 1521 5073 corne
1533 5018 1701 5088 cmrnptibili
1713 5033 1766 5072 non
1779 5031 1828 5071 re·

177 5089 245 5141 ltine
259 5087 340 5138 ctiam
353 5089 486 5154 proembit
519 5089 588 5140 icae
607 5089 672 5142 :Sic
686 5103 775 5150 curro,
790 5091 974 5160 acaquasiirr
1027 5104 1112 5157 guare
1118 5095 1215 5160 potest,
1229 5090 1275 5144 sed
1284 5105 1337 5144 narr
1348 5104 1403 5144 esse
1415 5105 1467 5144 narr
1476 5093 1573 5159 potest.
1586 5091 1652 5144 llaec
1664 5087 1824 5160 Gregorius.

175 5158 368 5220 decertantem
377 5172 480 5224 pugno,
491 5172 544 5210 non
553 5160 634 5226 qnasi
641 5173 730 5212 aaran
739 5159 892 5215 ambuans.
904 5162 974 5227 Quia
1063 5162 1075 5191 ⁰
1097 5163 1148 5216 lus
1168 5160 1264 5232 agonis
1283 5168 1360 5215 vocat
1375 5160 1447 5233 leges
1466 5159 1623 5215 certaminis
1643 5158 1722 5214 militi
1744 5156 1827 5215 Chri·

175 5243 234 5280 cram
252 5242 360 5279 carnem
378 5229 574 5294 rastn'ngimus,
596 5229 662 5297 apsis
684 5228 853 5283 obstinantia
876 5235 974 5284 nostre
1027 5230 1126 5300 stiano,
1144 5246 1192 5287 seu
1206 5231 1315 5287 athletae
1333 5230 1476 5312 spirituali,
1496 5229 1687 5295 observandas,
1709 5243 1777 5300 quas
1791 5243 1826 5283 en

174 5297 272 5352 ictibus
280 5312 333 5349 ncrr
343 5312 442 5358 aaran,
454 5297 502 5352 scd
512 5298 663 5352 immundos
672 5299 784 5368 spiritus
792 5299 972 5362 cerbemmus,
1027 5300 1196 5374 Olympiadis
1211 5311 1238 5356 et
1253 5300 1373 5373 prolanrs
1390 5299 1585 5356 certaminibus
1606 5300 1639 5355 ad
1654 5300 1826 5371 spiritualem

174 5373 200 5422 et
223 5382 283 5420 eum
305 5368 352 5420 boc
370 5368 440 5434 quod
459 5372 498 5422 ost
519 5369 594 5421 irrtra
614 5383 677 5430 nos,
700 5367 870 5437 subjicimus,
894 5374 973 5425 entra
1027 5379 1054 5427 et
1079 5373 1126 5428 reli
1147 5373 1233 5428 'osam
1257 5373 1412 5443 palaestram
1433 5371 1560 5442 superius
1579 5373 1657 5442 (Cap.
1684 5374 1715 5425 lt
1734 5375 1760 5425 ιι
1783 5374 1825 5432 ts)

171 5440 268 5519 positis
280 5437 444 5518 adversariis
454 5453 560 5518 pugnas
572 5438 678 5492 damus.
695 5440 835 5493 liacteuus
851 5440 885 5492 D.
906 5441 972 5496 Grc·
1026 5389 1164 5499 tranauit
1174 5452 1202 5499 et
1219 5443 1364 5512 adaptavit.
1380 5443 1503 5512 Quamm
1517 5442 1603 5513 prima
1622 5449 1673 5506 est,
1690 5449 1721 5497 ut
1734 5439 1828 5496 caruis

173 5525 265 5582 gorius
275 5523 320 5563 cur
333 5507 480 5562 subserrbrt
494 5509 614 5563 lsrdorus
628 5508 645 5562 l.
664 5522 685 5563 rr
700 5507 734 5562 de
750 5513 969 5567 summobono:
1025 5519 1052 5568 et
1071 5516 1142 5582 gulae
1157 5514 1217 5569 sitia
1232 5514 1400 5578 domentur:
1417 5513 1474 5569 sine
1488 5528 1543 5584 quo
1560 5527 1641 5568 nemo
1655 5511 1772 5567 idoneus
1790 5508 1828 5567 ad

172 5583 264 5641 Nemo,
278 5579 411 5649 inquiens,
423 5583 510 5647 potest
529 5580 664 5633 uirtutum
675 5579 869 5659 parcamur
885 5583 971 5636 attia·
1024 5583 1149 5654 graviora
1164 5584 1313 5640 certamina
1326 5584 1507 5656 spiritualium
1524 5583 1645 5639 hostium
1664 5580 1826 5637 sustinenda

172 5667 243 5721 arte,
258 5651 313 5704 nisi
325 5651 401 5718 prius
414 5649 563 5702 &detullerit
575 5649 729 5726 inclutum·
1023 5663 1160 5722 censetur,
1184 5662 1213 5710 ut
1232 5657 1356 5727 superius
1378 5671 1409 5711 ox
1439 5657 1472 5710 D.
1496 5653 1632 5726 Gregorio
1653 5652 1827 5710 ostendimus

208 5716 221 5754 i
236 5722 342 5792 Duplex
356 5726 399 5774 est
416 5718 494 5774 lectio
510 5717 589 5787 hujus
607 5725 749 5772 sentence
764 5736 770 5770 ε
787 5735 850 5775 uam
866 5722 967 5786 Graeci,
1023 5723 1099 5795 (cap.
1113 5730 1128 5779 s
1143 5729 1168 5779 ιι
1186 5728 1239 5793 ts).

170 5810 241 5868 quos
263 5791 408 5848 Cassianus
434 5788 478 5846 bic
498 5789 618 5861 sequitur
637 5788 750 5855 (Callai.
777 5795 804 5860 ι,
826 5807 848 5848 c.
877 5799 919 5860 rt,
944 5799 969 5850 et
1219 5819 1221 5823 ·
