3848 6158
121 265 170 318 tut
500 263 673 319 collalto
693 268 713 319 l.
733 296 769 305 -
788 266 834 344 Db}
850 266 1003 323 mannent
1024 269 1231 326 lNTENTlONE
1251 273 1294 327 AC
1313 273 1400 328 itha.
1721 285 1773 339 502

119 400 188 444 nem
208 384 287 458 hujus
309 387 431 458 corporis
453 387 568 458 animae,
589 404 676 461 neque
699 389 766 446 nihil
784 391 918 461 sentiant,
933 397 959 460 Α
973 409 1048 464 zaro,
1063 403 1090 451 et
1102 394 1188 452 divite
1202 406 1334 469 purpurio
1349 397 1511 470 proferatur,
1539 401 1659 459 ostendit
1679 407 1770 471 (traca

119 481 206 540 etiam
219 480 356 553 Evangelii
376 480 520 553 parabola,
542 496 603 554 quae
617 482 651 540 de
669 482 715 539 illo
730 498 847 556 paupere
867 487 920 541 La·
975 489 1060 555 neri,
1075 504 1191 560 quorum
1201 506 1273 548 unus
1286 491 1470 551 beatissimam
1479 493 1583 565 sedem,
1597 494 1625 553 id
1634 500 1685 564 est,
1696 497 1773 554 sinus

672 690 799 746 nunant
817 692 930 748 GAZAEI
948 691 1225 751 COMMENTARIUS.

116 869 244 939 potentie
258 873 321 924 sunt
339 871 369 923 in
383 867 519 938 conjuncta
535 867 578 936 (id
592 873 641 936 est,
656 873 806 939 composita,
819 873 918 928 scilicet
972 875 1063 941 tonpet
1075 875 1137 928 illas
1156 864 1315 932 tormentum
1328 881 1431 934 mortis.
1448 881 1510 951 Sap.
1525 894 1572 935 111.
1594 884 1629 936 Et
1639 882 1720 936 nolite
1732 884 1770 937 ti-

116 942 239 1007 ironn'nc)
251 942 357 996 secutio
368 941 499 1010 subjecto,
513 943 582 995 sicut
595 956 683 995 enarres
690 944 816 1011 potentiae
833 946 915 998 sensi·
971 959 1039 998 ruere
1048 960 1089 1000 eos
1098 948 1148 1015 qui
1160 948 1281 1002 occidant
1293 953 1530 1015 conresupinatis
1543 956 1632 1007 nectent
1644 969 1696 1007 aon
1708 969 1771 1023 pos-

58 1024 62 1033 ·
116 1014 294 1082 tieapartis,
311 1018 338 1067 et
355 1014 508 1066 nutritiae:
528 1016 665 1068 destincte
691 1017 780 1067 cratem
801 1013 916 1083 subjecto
969 1017 1166 1071 snrrtoceidere.
1185 1019 1217 1072 ln
1232 1018 1435 1098 Symbootam
1455 1022 1611 1092 apostolico
1626 1039 1709 1094 quarn
1723 1025 1771 1081 Ni·

117 1083 397 1153 nnnpotestaceidens
417 1099 562 1138 remaanerc.
582 1084 655 1138 Unde
671 1085 916 1154 corruptocorpun-
969 1099 1047 1142 caeno
1070 1095 1098 1142 et
1117 1088 1322 1159 constantinop.
1350 1090 1511 1160 prolitcmur
1541 1097 1770 1151 Resurrectionem

116 1159 158 1208 cto
171 1152 215 1219 (id
224 1162 276 1222 est,
285 1154 452 1226 composito)
471 1170 522 1208 eron
536 1159 645 1208 manerat
658 1154 812 1223 haitesmodi
821 1160 915 1225 poten·
968 1158 1067 1224 meran,
1081 1157 1137 1212 sire
1150 1164 1329 1227 mortuoram,
1339 1165 1365 1215 et
1376 1164 1461 1216 uitam
1476 1167 1618 1226 atentiam,
1631 1180 1691 1235 quar
1711 1167 1769 1222 ani-

116 1227 164 1280 tia
183 1226 323 1289 acha-sed
340 1229 440 1280 uirtute
451 1229 557 1279 teritum
568 1228 716 1280 muneratio
734 1229 916 1291 animosiori
968 1242 1044 1282 mam
1059 1236 1183 1285 nostram
1202 1245 1252 1300 sup
1271 1230 1330 1286 onit
1352 1246 1410 1287 esse
1425 1233 1618 1289 immortalem.
1643 1236 1710 1292 llinc
1730 1236 1771 1293 dl·

116 1298 146 1350 in
157 1299 302 1367 principio,
312 1298 353 1352 eei
362 1298 504 1352 codicelli
517 1298 663 1364 sicsalsnrn
673 1299 792 1367 estquod
803 1299 916 1367 quidam
969 1312 1018 1379 rus
1031 1297 1213 1382 Hieronymus
1226 1246 1367 1358 adlocum
1382 1301 1457 1358 illum
1472 1303 1571 1359 blatth.
1592 1320 1669 1372 xxrr,
1686 1321 1768 1376 quem

116 1368 221 1430 dicarit,
233 1368 388 1437 hujusmodi
396 1370 529 1438 potentias
543 1370 572 1421 in
587 1371 677 1422 areima
692 1385 826 1423 retricanere
835 1372 915 1438 ctiam
969 1367 1012 1424 hrc
1023 1370 1088 1427 citat
1103 1380 1185 1426 etiarn
1200 1375 1305 1429 Auctor
1320 1394 1326 1429 :
1341 1375 1387 1428 Ad
1405 1377 1590 1437 eternitatem,
1603 1374 1704 1446 inquit,
1713 1379 1769 1432 ani·

116 1442 241 1508 carrapto
255 1455 371 1510 empore.
386 1443 423 1496 Et
440 1439 634 1505 multonacus
646 1439 915 1508 puoddieanrtetiarn
968 1456 1073 1496 marum
1083 1444 1262 1512 probandam,
1283 1445 1316 1499 de
1325 1448 1395 1502 Mose
1404 1445 1444 1516 (id
1459 1455 1517 1514 est,
1532 1447 1566 1502 de
1579 1445 1655 1503 libris
1667 1447 1767 1517 Mo'sis)

115 1513 192 1564 octus
204 1511 301 1565 haruin
312 1513 494 1581 potentiamne
504 1512 914 1581 reanrreretn‹aratrnasepnrata
966 1515 1044 1581 potiit
1063 1517 1234 1584 coemptura:
1250 1520 1307 1585 Epo
1323 1532 1383 1572 sane
1400 1520 1470 1572 beas
1487 1519 1683 1581 athenionem
1698 1524 1768 1575 Dens

116 1583 183 1650 prtia
195 1582 291 1636 talium
301 1584 483 1652 potentiarum
496 1583 573 1636 neella
582 1584 708 1647 estactio,
720 1584 914 1653 nisipcrorpa·
968 1586 1059 1645 isaac,
1073 1591 1099 1641 et
1116 1590 1186 1642 licus
1199 1587 1277 1643 Jacob
1291 1589 1395 1655 (Eroti.
1409 1593 1474 1657 111).
1491 1591 1641 1659 Statimque
1660 1593 1743 1657 irrsert
1758 1611 1766 1646 :

116 1652 578 1722 nnmcorpor¹eum.ltaS.Thomas
592 1656 803 1723 (rpart.‚l,77,
817 1659 913 1722 ort.8;
969 1656 1027 1711 Non
1048 1661 1086 1710 est
1105 1662 1271 1713 retertuoenm
1295 1662 1374 1722 Dens,
1398 1661 1445 1714 sed
1464 1662 1634 1715 irruentium:
1657 1666 1688 1715 at
1708 1678 1784 1716 eum·
1879 1684 1884 1691 ’

115 1725 181 1790 ind,
190 1723 254 1778 dist.
263 1729 308 1793 ll,
317 1741 344 1794 p.
359 1730 387 1793 3,
399 1741 426 1780 a.
437 1730 463 1790 3,
478 1742 503 1794 q.
517 1731 547 1793 ¹3
560 1725 715 1794 etpaodlih.
726 1730 755 1791 t,
771 1730 814 1791 ta,
825 1742 851 1779 a.
868 1728 909 1791 8).
962 1727 1119 1794 perihercrit
1131 1732 1458 1800 arrimaspeemanercpost
1469 1733 1687 1800 rnortcrn(neqnc
1696 1734 1767 1786 eninr

115 1792 161 1849 Ad
172 1795 363 1851 auctoritatem
379 1811 410 1850 ex
433 1794 501 1851 libro
519 1795 553 1852 de
575 1795 676 1868 Spiritu
695 1804 723 1851 et
746 1795 847 1864 anima,
865 1812 910 1854 re·
960 1801 1068 1865 poterat
1080 1801 1141 1868 fieri
1153 1805 1280 1855 eteorum
1299 1807 1366 1856 esset
1387 1806 1455 1857 beas
1466 1804 1515 1872 pai
1526 1818 1695 1872 rrepriapuanr
1706 1805 1787 1858 seth·

114 1863 230 1936 spondet
247 1867 358 1923 tionem
376 1867 454 1921 ailam
466 1882 518 1922 aare
530 1868 625 1922 dobere
647 1870 843 1937 aatctoritotcrn,
854 1885 911 1925 uon
963 1869 1115 1935 sisterent).
1140 1876 1326 1942 consequenter
1343 1873 1557 1928 introduceretur
1579 1879 1604 1927 et
1626 1890 1766 1943 centenam

116 1935 191 1991 enim
204 1945 246 1993 est
259 1937 419 2009 Augustini,
432 1937 468 1992 de
481 1953 534 2009 quo
548 1938 608 1995 ride
620 1938 818 1994 bellarminum
831 1941 908 2005 (Lib.
963 1943 1134 2001 resurreetio,
1159 1958 1219 2011 qna
1243 1957 1302 1996 eum
1323 1945 1464 1999 decimatas
1491 1946 1558 1998 bona
1581 1945 1687 1999 malaca
1710 1961 1767 2013 pes-

115 2007 148 2062 de
163 2009 293 2078 scriptor.
308 2010 378 2065 Eccl.
398 2013 427 2064 in
445 2009 621 2079 Augustino).
640 2013 729 2064 Potest
748 2018 836 2065 tamen
847 2011 912 2075 dici,
967 2015 1066 2065 serent.
1079 2009 1131 2065 His
1145 2011 1257 2068 demum
1272 2014 1385 2069 necessit
1406 2029 1532 2085 expressa
1552 2015 1683 2071 ,Ecclesiae
1697 2016 1765 2071 deli-

114 2077 214 2149 inquit,
226 2080 398 2149 pandoniam
411 2096 498 2136 semim
515 2082 601 2136 trahit
614 2081 769 2151 mansinodi
803 2085 913 2139 otenteirs
968 2080 1037 2136 nitio
1065 2082 1093 2137 in
1114 2083 1230 2138 concilio
1248 2085 1424 2140 lateranensi
1448 2085 1559 2147 ultimo,
1586 2100 1651 2141 sess.
1671 2094 1698 2152 8,
1719 2087 1765 2143 uhi

115 2165 168 2204 eron
180 2154 254 2218 acta,
266 2151 429 2208 sedcirtnte.
443 2151 523 2221 Quod
538 2151 657 2224 intellige
669 2151 703 2209 de
716 2098 840 2208 senariius
851 2169 912 2210 cor·
967 2152 1048 2208 etiam
1066 2153 1212 2210 damnatur
1233 2154 1283 2210 iste
1305 2154 1406 2210 modus
1430 2153 1558 2226 loquendi
1579 2158 1704 2211 :aletrino
1727 2163 1766 2214 est

117 2219 224 2300 percit,
238 2228 265 2277 et
278 2221 481 2294 imaginatione,
496 2231 523 2279 et
532 2223 657 2296 appetitu
667 2222 868 2294 concupiscibili
887 2233 914 2281 et
967 2224 1126 2279 r'rnnroetnlis
1144 2225 1287 2280 secandum
1300 2225 1379 2295 tillem
1390 2245 1398 2292 3
1411 2225 1458 2280 sed
1479 2225 1603 2280 mortalis
1620 2227 1764 2282 seecrrdarn

119 2288 263 2357 trascibili;
285 2308 351 2348 nam
375 2293 540 2350 intellectum
564 2300 592 2350 et
618 2293 786 2350 voluntatem
807 2303 912 2352 cedam
968 2297 1106 2358 radonem,
1120 2295 1161 2351 uel
1175 2297 1384 2367 philosophiam.
1399 2297 1461 2367 Quo
1473 2294 1622 2352 utebantur
1640 2297 1763 2354 nonnulli

118 2371 281 2418 estmanmm
293 2371 355 2420 actu
367 2364 495 2421 inanima
511 2373 634 2438 separata
650 2386 656 2421 z
671 2365 801 2420 memoria
820 2375 913 2423 autem
967 2364 1145 2437 philosophiae
1163 2366 1280 2423 nimium
1294 2367 1404 2424 addicti.
1418 2368 1496 2423 Circa
1511 2367 1637 2433 tertium,
1656 2368 1764 2424 animas

116 2431 305 2492 intellectualis
330 2434 417 2517 reipsa
446 2437 520 2493 idem
551 2444 592 2492 est
614 2452 677 2493 cum
711 2435 861 2504 intellectu,
885 2446 912 2494 et
965 2445 1123 2493 sanctorum
1138 2453 1213 2495 acor
1232 2437 1325 2494 oribus
1338 2438 1643 2511 separatasnonvidere
1658 2442 1761 2509 Deum,

116 2511 222 2584 tantum
232 2507 339 2562 ratione
352 2505 459 2573 deiferi,
473 2508 506 2565 de
525 2523 577 2579 qua
590 2508 672 2563 etiam
686 2504 793 2580 epuloni
805 2508 917 2580 sepulto
966 2522 1015 2562 nec
1031 2507 1081 2563 lrui
1103 2454 1267 2566 beatitudine
1281 2508 1400 2578 coelesti,
1416 2509 1463 2566 sed
1485 2509 1621 2581 adusque
1648 2511 1762 2567 extremi

115 2590 142 2629 in
155 2573 261 2632 interm
275 2576 380 2634 dietum
395 2581 460 2634 est‘:
475 2580 630 2643 Recordare,
642 2579 692 2650 fili,
708 2579 772 2648 pain
791 2582 914 2649 recepere·
967 2576 1057 2634 'udicii
1072 2579 1145 2636 diem
1156 2581 1256 2636 servari
1270 2580 1297 2635 in
1309 2579 1471 2651 quibusdam
1486 2579 1587 2637 abditis
1606 2590 1764 2653 receptacu-

115 2647 219 2702 hcnain
235 2650 292 2703 aito
305 2652 442 2714 tantiae.
458 2654 536 2717 xvi),
548 2657 600 2705 etc.
617 2650 745 2706 Similiter
761 2659 788 2706 ct
801 2649 912 2708 liberde
976 2649 1011 2714 is,
1021 2649 1068 2705 ubi
1084 2665 1134 2706 nee
1151 2653 1242 2706 Deum
1262 2649 1381 2719 rideant,
1398 2666 1448 2707 nec
1466 2651 1553 2708 beatae
1572 2650 1625 2708 diei
1641 2653 1761 2722 possint,

116 2717 312 2775 Ecclesiasticis
324 2721 508 2791 Dogmatihus
519 2736 576 2776 non
589 2728 630 2777 est
642 2723 677 2776 D.
690 2721 850 2796 Augustini,
863 2721 912 2779 sed
964 2719 1015 2775 nisi
1034 2719 1061 2775 in
1075 2735 1135 2792 spe,
1158 2719 1249 2777 docuit
1272 2721 1302 2776 in
1324 2721 1419 2802 primis
1440 2722 1621 2778 Tertullianus
1641 2721 1763 2792 pluribus

115 2788 246 2846 Gennadii
268 2790 443 2848 Massiliensis
463 2808 519 2848 non
536 2807 643 2865 magnac
660 2792 827 2851 auctoritatis
840 2792 912 2849 inter
964 2789 991 2844 in
1001 2789 1076 2847 locis.
1092 2790 1381 2862 Deindevigilnnttus,
1396 2807 1476 2864 quem
1488 2791 1639 2864 suggillans
1652 2792 1762 2849 D.llie·

114 2859 308 2918 ecclesiasticos
321 2861 487 2934 scriptores:
510 2863 558 2935 qui
571 2871 664 2918 mmen
684 2864 768 2922 etiam
791 2863 910 2934 seipsum
963 2875 1095 2933 ronymus
1108 2864 1180 2927 (tit.
1195 2867 1287 2918 centra
1303 2865 1453 2932 Vipitnnt.)
1469 2864 1549 2926 :Ais
1570 2862 1667 2933 inquit,
1678 2865 1720 2917 eet
1733 2865 1762 2918 in
1812 2913 1822 2927 ,

114 2939 185 2987 recte
204 2933 329 3004 explieat,
342 2932 408 2990 dum
433 2934 469 2989 ait
483 2935 561 3004 (Cap.
580 2937 646 3003 19):
664 2939 771 2993 Duabus
784 2936 908 2990 nebeten·
962 2933 1024 2986 sinn
1038 2933 1164 2999 Ababa,
1179 2934 1220 2988 eci
1232 2937 1261 2988 in
1276 2935 1330 2988 leco
1350 2936 1498 3003 reseipeii,
1518 2935 1559 2990 ecl
1578 2935 1666 2988 ariter
1682 2950 1761 2989 aram

51 3000 55 3009 “
114 3004 159 3057 tiis
174 3007 283 3060 tanturn
294 3009 396 3060 constat
409 3007 500 3069 homo,
515 3008 609 3060 anterio
622 3011 647 3062 et
661 3023 768 3078 corpore
789 3026 797 3061 t
818 3010 909 3062 anima
962 3006 1012 3058 Dei
1024 3005 1130 3059 currimns
1142 3007 1321 3075 apostoloram
1334 3010 1359 3061 et
1371 3010 1520 3074 martyr-una
1542 3005 1699 3067 consedisse,
1714 3021 1761 3061 nec

114 3088 173 3128 cum
187 3078 292 3130 rot-ione
304 3093 369 3139 sua,
384 3080 410 3131 et
426 3092 603 3146 respicecerem
623 3080 742 3136 sensibus
754 3081 820 3134 seces.
840 3081 909 3147 Ques
960 3090 1036 3143 presse
1054 3078 1110 3130 sais
1121 3078 1232 3131 tumulis
1246 3082 1271 3130 et
1280 3076 1327 3130 ahi
1341 3077 1474 3130 eolaaem'nt
1484 3091 1538 3131 csse
1546 3080 1692 3146 presentes
1701 3091 1760 3131 :se-

114 3149 203 3200 tamen
216 3162 308 3202 sensas
321 3148 421 3217 absque
435 3150 534 3202 animae
545 3150 667 3203 societate
685 3166 738 3204 aon
752 3153 837 3204 mouet
850 3165 910 3202 cor·
962 3149 1076 3200 notoria
1090 3147 1211 3202 videlicet
1219 3148 1363 3216 dipnitntis
1372 3153 1450 3211 sant,
1461 3152 1493 3202 at
1506 3163 1558 3201 non
1568 3149 1639 3201 irrtee
1651 3147 1761 3202 dommi

109 3231 173 3285 pras.
189 3218 288 3272 Anima
298 3234 360 3274 nero
372 3223 397 3274 et
406 3221 463 3272 siae
475 3234 581 3288 empore
596 3221 726 3274 rationale
737 3236 815 3275 saum
828 3222 906 3273 tenet.
962 3217 1012 3271 das
1022 3220 1158 3275 tetemimo
1169 3234 1287 3281 mercem,
1298 3219 1345 3272 sed
1360 3219 1484 3274 inlidere
1499 3220 1660 3286 honestaque
1674 3223 1761 3274 atsto

111 3286 197 3343 Unde
209 3287 290 3345 infert
310 3291 338 3346 S.
355 3289 476 3346 Thomas
494 3289 638 3357 (Qeeodlih.
662 3296 677 3345 7
702 3296 757 3346 nrt.
771 3294 802 3353 8)
816 3307 824 3342 ε
840 3293 910 3358 Erpa
963 3287 1020 3349 dia,
1037 3289 1066 3341 in
1074 3290 1272 3355 fortunatorum
1283 3289 1389 3353 ironiis,
1401 3294 1427 3345 et
1438 3291 1468 3343 in
1482 3291 1583 3358 compris
1596 3290 1696 3357 Elysiis
1714 3306 1760 3345 re·

112 3358 240 3425 destincte
261 3376 340 3415 carae
356 3363 484 3432 potentia
504 3363 637 3416 serait-iere
657 3377 709 3416 reon
732 3365 850 3416 raanent.
867 3360 909 3417 Ad
962 3358 1116 3413 cluduntur.
1133 3361 1192 3415 llos
1210 3359 1295 3415 secuti
1316 3367 1380 3414 sunt
1392 3359 1497 3429 Graeci,
1514 3367 1546 3414 ut
1559 3366 1632 3431 patet
1643 3374 1676 3414 ex
1692 3374 1758 3415 con-

112 3429 309 3488 l'assiodorum
322 3431 482 3504 respondet,
501 3432 574 3502 peod
589 3434 659 3486 sicut
682 3434 846 3503 operationes
865 3446 909 3486 eo·
962 3426 1025 3483 cilio
1045 3429 1165 3485 Florent.
1191 3443 1257 3486 sess.
1287 3436 1313 3497 t,
1334 3444 1365 3484 ac
1387 3429 1501 3487 demum
1524 3429 1611 3486 nestri
1627 3429 1758 3502 temporis

114 3501 226 3556 lranhatis
240 3508 348 3573 prepter
366 3504 511 3573 parricidam
531 3504 734 3559 similitudinem
758 3503 909 3558 rrmrriaibns
961 3499 1075 3567 sectarii,
1097 3500 1248 3566 Lutherus,
1272 3499 1412 3570 Calvinus,
1427 3509 1454 3556 et
1479 3500 1522 3557 alii
1537 3541 1545 3563 ,
1560 3509 1590 3557 ut
1607 3501 1698 3558 videre
1715 3508 1757 3558 cst

16 3589 20 3592 ⁴
109 3575 349 3643 passionumque
365 3579 427 3630 sucat
441 3577 469 3630 in
485 3577 606 3645 appetitu
618 3578 743 3631 sensitiva
747 3578 807 3644 ,ata
827 3577 908 3629 etiam
924 3559 948 3624 C
961 3569 1033 3643 apud
1047 3571 1242 3629 bellarminum
1258 3571 1331 3645 (lib.
1344 3587 1357 3629 1
1368 3573 1401 3629 de
1414 3575 1512 3641 Beatrs,
1529 3579 1614 3644 capt
1633 3580 1661 3629 et
1671 3576 1756 3644 serp),

111 3644 261 3699 intellectus
278 3648 441 3715 operationes
462 3649 639 3701 erenainantnr
660 3648 693 3701 cah
712 3646 909 3717 operationibus
963 3643 1008 3713 qui
1027 3642 1096 3700 hanc
1109 3644 1323 3714 controversiam
1347 3641 1407 3700 fuse
1423 3652 1449 3701 et
1467 3652 1591 3700 accurate
1605 3652 1756 3717 pertracta-

111 3729 237 3769 senennm
256 3721 365 3786 prepter
385 3718 601 3785 similitudinem,-
618 3720 695 3774 etsie
713 3719 834 3789 loquitrcr
848 3719 909 3774 Cas·
963 3713 1015 3780 rit,
1036 3723 1064 3770 et
1085 3715 1178 3771 multis
1202 3716 1403 3787 scripturarum
1419 3715 1597 3782 testimoniis,
1624 3730 1674 3772 nec
1700 3731 1756 3771 nou

110 3785 242 3841 stadonis.
267 3790 354 3859 Atque
369 3787 465 3844 eodem
479 3787 564 3844 modo
583 3790 686 3860 exponi
700 3797 790 3862 potest
804 3787 907 3844 Cassia·
963 3792 1117 3843 sanctorum
1130 3788 1242 3842 Patmm
1255 3786 1476 3851 auctoritatibus,
1492 3793 1599 3857 partem
1621 3786 1757 3840 affirman-

112 3870 178 3923 das,
193 3856 261 3914 dum
282 3859 320 3915 ait
341 3859 461 3914 animam
479 3866 633 3928 separatam
655 3875 713 3915 non
733 3871 825 3915 carere
848 3857 908 3914 istis

111 3924 268 3996 aflectibus,
284 3944 381 4000 nempe
405 3928 504 3999 gaudio
522 3933 550 3983 et
562 3925 718 3992 tristitia,s
737 3942 753 3983 e
771 3937 799 3983 et
820 3935 907 3983 metu.

110 3999 181 4054 llam
195 3999 266 4056 sicut
279 4002 424 4056 beatorum
449 3997 549 4052 animae
574 3992 692 4076 gaudent⁸
713 3944 758 4077 rie.
770 3995 907 4077 premiis,

108 4067 266 4127 ita'certum
279 4081 320 4127 est
331 4070 524 4125 damnatorum
538 4077 644 4121 mamas
658 4071 759 4122 tnstan
772 4065 807 4121 de
822 4080 910 4135 poenrs

108 4141 339 4223 etsuppliciis„et
353 4138 449 4195 eadem
462 4143 594 4205 metuere,
607 4143 638 4192 ut
650 4143 725 4208 patet
734 4136 769 4193 de
783 4134 907 4208 epulone.

108 4215 146 4266 At
159 4209 321 4282 hujusmodi
336 4209 472 4281 passiones
485 4222 541 4263 non
550 4212 615 4265 sunt
627 4208 761 4280 appetitus
770 4206 907 4276 sensitiri,

106 4280 157 4337 sed
174 4279 331 4336 intellectiri
347 4287 375 4336 et
395 4278 543 4336 rationalis.
564 4280 630 4352 Spes
654 4288 747 4338 autern
770 4293 835 4335 eum
857 4293 908 4336 neo

106 4352 196 4408 beatis
219 4364 270 4405 nec
289 4350 425 4407 damnatis
447 4350 602 4415 conveniat,
616 4350 683 4407 solis
707 4349 851 4408 animabus
877 4350 906 4407 in

106 4421 269 4493 purgatorio
286 4421 466 4479 existentibus
487 4421 569 4479 tribui
585 4429 689 4494 potest,
702 4423 773 4480 sicut
785 4429 813 4479 et
826 4420 904 4479 fides.

107 4495 224 4565 Sperant
239 4493 311 4549 enim
327 4502 354 4551 et
373 4492 487 4551 eredunt
497 4495 582 4552 vitam
594 4501 726 4552 aeternam
740 4502 768 4551 et
785 4493 903 4564 bmtam,

107 4579 192 4637 quam
206 4565 327 4622 nondum
340 4565 472 4622 obtinent.
540 4585 545 4594 ·

144 4636 241 4704 Quoad
260 4637 424 4705 secundum,
440 4645 535 4693 contra
554 4633 788 4692 immortalitatem
803 4635 904 4693 animae

961 3861 1018 3911 tem
1040 3865 1071 3914 ut
1090 3856 1253 3914 catholicam
1271 3857 1414 3913 veritatem
1440 3856 1551 3925 astruit;
1571 3854 1640 3910 nihil
1656 3864 1686 3910 ut
1700 3870 1758 3908 am-

961 3925 1032 4048 plius
1044 3927 1107 3985 addi
1120 3936 1168 3984 aut
1185 3928 1287 4000 requiri
1300 3941 1379 4000 posse
1395 3925 1534 3984 rideatur:
1548 3940 1630 4008 quem
1644 3924 1758 3997 proinde

971 3996 1055 4051 ectori
1074 3997 1229 4054 adeundum
1247 4007 1274 4055 et
1291 3997 1491 4055 consulendum
1517 3997 1688 4067 relinquens,
1702 3995 1757 4053 duo

962 4072 1070 4122 mutum
1085 4067 1126 4122 vel
1146 4068 1197 4123 tria
1211 4067 1291 4138 hujus
1310 4067 1445 4124 doctrinae
1461 4068 1645 4124 stabilimenta
1660 4081 1758 4138 propo·
1776 4089 1780 4093 -

961 4151 1041 4207 narn3
1063 4152 1184 4208 quorum
1203 4138 1324 4208 primurn
1345 4146 1386 4193 est
1407 4136 1535 4209 Ecclesia
1555 4136 1756 4202 testimonium

962 4220 1025 4262 cum
1048 4207 1082 4264 de
1101 4208 1130 4262 S.
1145 4208 1291 4290 Gregorio,
1306 4215 1333 4262 et
1352 4206 1411 4264 aliis
1433 4206 1534 4265 sanctis
1556 4207 1759 4265 confessoribus

962 4276 1026 4333 dicit
1039 4295 1045 4331 :
1056 4283 1139 4341 Dens,
1160 4295 1208 4348 pra
1223 4282 1320 4334 anime
1337 4279 1437 4345 samnii
1450 4281 1493 4335 tui
1512 4280 1641 4351 &epoti
1655 4280 1696 4336 tel
1709 4283 1733 4337 N
1737 4320 1757 4350 .,

961 4352 1065 4406 aeterne
1085 4350 1259 4405 beatitudinis
1279 4352 1395 4420 promia
1410 4352 1560 4426 epatrdisti,
1582 4359 1648 4418 etc.;
1660 4366 1758 4408 seeun-

960 4418 1026 4476 dum
1046 4421 1163 4478 duorum
1184 4421 1361 4477 conciliorum
1379 4422 1622 4480 oecumenicorum.
1643 4424 1757 4481 Floren-

961 4491 1009 4548 tini
1031 4500 1058 4549 et
1071 4491 1233 4560 Tridentini,
1250 4493 1398 4550 auctoritas
1422 4503 1449 4550 et
1462 4494 1593 4552 delinitio.
1617 4495 1756 4568 Siquidem

960 4562 1012 4620 hoc
1029 4564 1119 4636 ipsum
1130 4562 1272 4622 definitum
1286 4571 1329 4622 est
1340 4565 1369 4621 in
1382 4566 1495 4623 concilio
1505 4566 1676 4633 Florentino,
1689 4583 1755 4624 sess.

959 4634 1021 4701 ult,
1043 4637 1087 4693 ubi
1110 4635 1199 4693 Graeci
1225 4636 1335 4693 tandem
1360 4635 1395 4692 ad
1413 4638 1541 4694 Ecclesiae
1558 4637 1692 4694 unitatem
1711 4652 1755 4692 re-

107 4708 249 4764 rationalis
268 4708 323 4766 duo
344 4707 504 4764 exstiterunt
530 4721 642 4764 errores.
670 4706 777 4762 Primus
803 4706 904 4765 Saddu·
958 4705 1042 4769 ducti,
1055 4707 1136 4763 simul
1153 4723 1216 4763 cum
1235 4707 1397 4771 Latinis,er
1418 4708 1528 4764 decreto
1547 4707 1662 4785 Eugenii
1679 4720 1758 4775 papae

106 4794 245 4847 eaeorum,
266 4779 312 4851 qui
338 4779 436 4834 animae
460 4776 694 4835 immortalitatem
712 4777 860 4847 negabant,
876 4785 902 4835 et
957 4781 1003 4844 (ln
1020 4779 1118 4834 decret.
1143 4777 1437 4848 ardonis)prosrtcntur
1459 4778 1568 4830 illorum
1590 4790 1694 4828 narrans
1709 4777 1759 4843 qai

107 4849 169 4907 ideo
182 4850 265 4906 etiam
280 4851 517 4920 resurrectionem,
529 4848 628 4906 Matth.
642 4863 719 4906 xxrr.
731 4850 776 4915 ts.
790 4849 880 4904 Tiora.
891 4864 903 4906 1
954 4853 1014 4918 post
1031 4850 1166 4917 der-ptisana
1178 4847 1456 4915 saepenominatam
1468 4847 1573 4898 omreine
1585 4847 1689 4913 peccati
1700 4862 1759 4899 mo·

102 4925 193 4991 part,
208 4928 301 4990 preest.
314 4927 359 4990 75,
375 4927 427 4977 art.
440 4919 756 4994 rememorandam
768 4920 900 4989 Arabum,
916 4939 942 5005 D
956 4920 1043 4974 culam
1058 4921 1247 4978 incurrerunt,
1260 4918 1324 4970 illas
1337 4917 1419 4997 etiam
1432 4931 1493 4984 aaa
1507 4921 1568 4998 post
1596 4920 1759 4972 corrtractocn

106 4992 164 5062 qui.
179 5000 211 5048 ut
224 4992 261 5049 ait
273 4993 404 5050 Eusebius
418 4992 591 5049 Caesariensis
610 4993 682 5058 (Lib.
698 5005 732 5047 vt
751 4992 827 5047 Hist.
848 5007 904 5062 cap.
955 4990 1059 5062 peceati
1079 4987 1228 5053 maculam,
1240 4988 1281 5041 ecl
1299 4989 1329 5040 in
1345 5001 1402 5042 snas
1420 4988 1646 5057 remandasset
1661 4991 1758 5045 eisdem

109 5070 159 5125 ³0,
170 5065 322 5119 asserebant
337 5066 473 5120 hominnm
482 5067 584 5119 neumas
596 5079 652 5118 arra
666 5079 725 5117 enm
739 5064 905 5132 cerporibus,
959 5063 1048 5116 emata
1055 5058 1208 5128 corporibus
1220 5057 1316 5127 (prout
1324 5060 1446 5128 superins
1459 5059 1561 5114 dictam
1572 5059 1623 5131 est)
1632 5066 1759 5130 surripuer-

106 5151 159 5190 dno
173 5137 314 5205 eodemque
335 5139 461 5205 temporis
479 5136 592 5190 craticule
615 5138 699 5189 morte
711 5135 869 5198 amianahere,
882 5136 907 5189 ct
960 5136 1048 5202 patoe,
1071 5131 1103 5184 in
1117 5130 1209 5184 cetam
1225 5144 1289 5185 meat
1307 5131 1403 5199 campi,
1417 5134 1442 5185 et
1465 5132 1565 5186 intueri
1583 5132 1654 5186 clare
1669 5133 1758 5201 ipsum

103 5210 213 5277 pronitas
235 5210 387 5277 cestinpai;
408 5213 437 5262 at
453 5207 559 5262 demetat
574 5211 691 5276 ternpore
707 5207 908 5260 resurrectionis
962 5208 1044 5258 burm
1054 5204 1171 5268 innuen,
1186 5205 1211 5256 et
1224 5216 1317 5265 anum,
1328 5202 1407 5258 siccati
1418 5206 1457 5257 est
1478 5220 1487 5256 :
1502 5205 1658 5258 meritonam
1670 5208 1759 5259 tumen

107 5279 238 5333 arrieema
251 5281 348 5347 erraris,
364 5296 423 5334 cum
435 5280 531 5334 eisdem
541 5279 626 5332 citreae
636 5277 722 5332 mano
734 5279 906 5347 recuperatu-
961 5275 1132 5337 diuersitate,
1147 5274 1233 5329 eiiam
1245 5275 1298 5328 alia
1306 5274 1468 5343 peterten
1482 5275 1589 5329 illoram
1598 5278 1688 5330 antone
1698 5278 1759 5331 ani·

75 5404 79 5412 ,
107 5364 160 5404 ros.
173 5350 415 5419 (Viderlapustin.
430 5352 476 5406 lib.
486 5350 520 5405 de
529 5351 629 5406 liores.
644 5364 719 5404 num.
733 5351 793 5415 23.)
808 5348 908 5404 Contra
960 5361 1016 5402 mars
1030 5347 1079 5418 qni
1091 5348 1120 5401 in
1129 5346 1246 5409 actuali,
1261 5346 1371 5400 amendi
1384 5349 1499 5416 peccota,
1512 5347 1554 5401 uei
1566 5347 1620 5402 solo
1632 5346 1761 5417 oripirraii

109 5426 200 5475 unum
219 5436 253 5477 ue
270 5436 405 5489 errorem,
420 5421 519 5479 animae
533 5420 661 5478 humanae
674 5419 907 5476 immortalitatem
961 5419 1101 5480 decedunt,
1120 5432 1184 5473 mon
1199 5420 1228 5472 ia
1244 5419 1382 5484 insomnes
1393 5417 1556 5482 descendere,
1569 5421 1656 5488 paenis
1669 5424 1759 5474 taaren

108 5495 183 5545 certa
201 5436 260 5548 ilde
282 5493 425 5550 tenendam
452 5491 596 5550 manifeste
620 5491 720 5549 docent
744 5489 905 5561 Scripturae,
961 5490 1115 5559 disparibus
1127 5489 1291 5560 puniendas.
1313 5489 1343 5544 ln
1357 5488 1473 5545 concilio
1487 5496 1580 5546 autem
1597 5488 1758 5570 Tridentino

106 5559 269 5631 Symbolum
280 5564 367 5633 Fidei,
381 5573 409 5621 et
420 5564 547 5623 Ecclesiae
559 5563 697 5632 definitio,
712 5571 811 5636 prater
823 5561 906 5619 ratio·
961 5560 1042 5630 (Sese.
1055 5561 1139 5627 251de
1150 5563 1263 5617 introcat.
1276 5559 1406 5631 senemr.)
1420 5560 1585 5617 damnantur
1598 5576 1645 5632 qur
1660 5568 1761 5633 negant

105 5645 158 5687 nes
178 5634 234 5687 tam
270 5635 453 5708 hilosophicas
473 5651 554 5708 quarn
573 5634 666 5692 theolo
685 5636 748 5692 cas.
764 5635 849 5700 (Vide
863 5637 907 5690 Pe
960 5637 1064 5688 sanctos
1077 5637 1176 5688 aterna
1191 5634 1321 5700 felicitate
1339 5634 1368 5687 in
1382 5633 1442 5688 eolo
1456 5635 1585 5701 fatentes,
1600 5634 1760 5690 invocandos

103 5704 211 5760 ceriam
228 5650 273 5764 ai.
289 5722 322 5764 rv
338 5711 367 5763 in
391 5710 472 5766 denes
491 5712 586 5777 preest.
603 5711 646 5775 2.)
709 5721 741 5763 ca
759 5705 908 5776 Scriptura
961 5719 1026 5761 esse.
1042 5702 1112 5760 Vide
1133 5712 1229 5761 caetera
1245 5703 1318 5776 apud
1338 5703 1533 5787 bellarminum
1553 5712 1579 5760 et
1599 5704 1712 5786 Scotpm
1731 5703 1760 5757 in

102 5774 238 5833 nonnulla
259 5778 303 5834 hic
317 5777 422 5850 profert
440 5779 598 5847 Cassianus,
621 5777 720 5850 quibus
740 5777 803 5834 addi
830 5783 906 5848 pote·
961 5782 989 5844 4,
1006 5774 1069 5833 dist.
1088 5779 1135 5844 ts,
1147 5791 1174 5848 q.
1191 5783 1202 5831 t
1219 5784 1270 5832 art.
1286 5775 1368 5843 3,ubi
1380 5784 1460 5836 etiam
1478 5776 1605 5846 pleraque
1613 5777 1759 5845 Scriptura

102 5855 166 5907 rant
178 5847 239 5906 heee
248 5868 255 5906 :
264 5852 401 5906 lentorum
415 5854 513 5907 anino
524 5853 650 5907 in‘marra
664 5852 713 5908 lici
725 5853 803 5914 sant,
816 5852 842 5904 et
855 5862 909 5905 nore
963 5846 1020 5903 loca
1030 5862 1046 5902 a
1055 5846 1182 5904 Cassiano
1196 5845 1240 5904 hic
1251 5848 1334 5906 citata
1346 5848 1459 5920 exponit
1472 5855 1501 5903 et
1513 5845 1641 5917 explicat.
