3848 6158
86 280 135 334 531
464 270 633 329 subtrito
653 273 698 328 lll.
716 300 753 314 —
771 274 816 330 titi
835 276 958 333 luteus
975 277 1368 336 aeusuurtitaitoriieus.
1698 290 1749 346 582

384 398 506 456 carui
525 397 605 453 xix.
909 403 935 466 Α
949 399 1055 459 eundos
1068 411 1150 476 atque
1163 391 1324 472 victoriam'3
1340 411 1467 462 nostrum
1481 402 1546 462 'iero
1557 419 1617 465 csse
1635 417 1666 465 ut
1679 425 1748 468 con-

83 505 165 577 Quad
179 506 286 560 initium
298 502 445 558 uoluntatis
463 501 537 555 lione
548 503 580 582 ¹ct
593 503 784 557 oomummatio
802 501 892 570 musa
944 508 1022 550 cessa
1033 494 1083 551 Dei
1099 495 1231 553 beneficia
1244 497 1285 554 rel
1299 497 1430 556 intentius
1440 498 1481 556 iel
1492 500 1604 573 segnius
1616 516 1747 577 exsequa-

404 573 517 630 nomino
528 574 573 625 Μ·
946 601 1019 644 mur.
1032 589 1270 660 Quam-ratione·
1286 590 1369 648 etiam
1384 591 1412 647 iii
1427 590 1537 650 illorum
1550 607 1687 652 cecorum
1702 612 1749 655 eu·

122 680 229 752 Quibus
250 675 471 737 manifestissime
490 671 686 747 perdocemur,
701 683 731 732 et
749 684 762 712 ⁸
782 674 891 734 initium
945 681 1051 741 ratione
1068 683 1134 742 satis
1162 683 1299 742 evidenter
1325 684 1450 743 videmus
1469 701 1640 758 expromam.
1668 692 1748 762 Quod

62 823 65 827 .
87 777 236 834 voluntatis
255 773 337 832 bonu
349 770 432 829 nobit
447 769 573 828 D⁰miss⁰
594 768 745 842 impilm
766 771 892 841 θθῐῑθθᾶῑ,
946 779 1021 837 enim
1037 779 1145 838 nansiit
1157 788 1221 837 ante
1233 781 1393 853 eoajicaus,
1407 780 1507 839 divinae
1521 783 1698 855 providentiae
1720 795 1749 844 et

87 883 152 928 oum
161 876 210 926 aut
219 881 267 941 per
276 881 317 937 se,
329 872 433 936 autpcr
442 861 665 920 exhortationem
677 862 824 935 cuiuslibet
841 862 891 922 bo·
946 871 1115 947 dignationis
1126 882 1168 933 est
1182 875 1280 949 gram.
1295 873 1375 948 Quod
1389 874 1584 945 vociferantur,
1596 887 1626 934 et
1636 877 1746 938 dicunt:

88 961 182 1032 minis,
196 968 244 1019 aut
264 975 312 1034 per
333 956 525 1015 necessitatem
545 970 599 1013 nos
618 953 654 1011 ad
674 954 769 1013 salutis
781 957 894 1014 attrabit
947 971 1072 1027 psam
1082 971 1177 1035 mm,
1188 974 1308 1035 bonum,
1319 973 1362 1042 gp·
1370 971 1579 1039 papppfflapp,
1589 973 1748 1043 migger

89 1055 174 1128 iiam,
187 1063 215 1114 et
233 1052 431 1128 perfectionem
444 1050 579 1107 virtutum
599 1047 635 1106 ab
650 1047 748 1106 eodem
766 1049 894 1107 similiter
945 1062 1070 1135 imorum
1084 1071 1112 1119 et
1132 1062 1301 1120 &edulitatis
1321 1072 1362 1120 eat
1380 1079 1459 1135 ορω,
1474 1063 1556 1134 Quod
1576 1066 1663 1123 vigum
1677 1067 1749 1126 ppei.

87 1142 894 1220 condonari3⁶nostmmieroliocessc,iiteibortationem
947 1156 1025 1230 piune
1053 1157 1207 1227 opulorum,
1232 1155 1332 1230 divina
1361 1155 1613 1215 miserationum
1639 1176 1747 1220 munus.

87 1245 277 1318 auxiliumque
291 1241 343 1299 Dei
357 1240 399 1298 iel
419 1238 560 1296 remissius
580 1237 624 1296 iel
642 1237 749 1296 enixius
763 1253 893 1312 essequa·
944 1248 1029 1324 Quod
1038 1256 1130 1307 putem
1141 1250 1226 1307 atram
1239 1257 1302 1322 porr
1316 1249 1517 1322 perceptionem
1532 1250 1678 1322 cujustibet
1688 1269 1752 1313 mu.

88 1355 166 1408 mur,
177 1347 204 1396 at
216 1354 266 1411 pro
281 1337 363 1413 [laps.
375 1339 501 1404 mucra.
511 1333 569 1408 per]
582 1333 633 1391 lico
646 1348 697 1390 nos
710 1335 752 1390 iel
765 1349 893 1393 remune-
946 1342 1019 1401 neris
1031 1352 1088 1401 tam
1102 1343 1189 1418 gratia
1203 1344 1251 1401 bei
1263 1357 1346 1417 quam
1358 1342 1430 1400 ratio
1448 1341 1526 1400 liberi
1538 1342 1642 1401 arbitrii
1658 1361 1752 1418 perse·

89 1432 226 1490 rationem
247 1432 290 1489 vel
308 1428 440 1503 supplicia
454 1426 616 1500 dignissima
638 1427 802 1499 promereri,
818 1427 894 1502 quod
948 1443 1034 1508 ieret,
1048 1435 1221 1510 leprosorum
1240 1450 1350 1510 quoque
1368 1410 1463 1493 demin
1478 1434 1524 1508 qui
1545 1437 1647 1509 pariter
1666 1439 1752 1497 curati

90 1525 149 1599 ejus
160 1522 354 1597 dispensationi
368 1537 402 1579 ac
414 1518 605 1594 providentiae,
619 1533 683 1593 erga
697 1535 749 1578 nos
761 1519 896 1594 benignis
948 1537 1015 1587 cunr
1038 1528 1161 1587 declaras
1188 1529 1346 1603 exemplam
1374 1532 1462 1595 (Luca
1479 1529 1562 1602 xm).
1578 1533 1619 1587 Ex
1653 1533 1754 1604 quibus

91 1619 162 1678 sima
174 1619 335 1692 dignatione
347 1616 467 1685 oollatae,
486 1613 528 1671 iel
540 1612 712 1688 negleximus
724 1615 768 1672 iel
789 1614 896 1674 studui·
931 1622 1016 1679 'dum
1028 1638 1100 1680 unus
1113 1638 1162 1696 per
1180 1623 1284 1681 arbitrii
1299 1623 1341 1681 sui
1354 1623 1460 1681 bonum
1473 1623 1625 1696 gratiarum
1636 1627 1753 1686 restituit

92 1727 156 1771 mus
173 1719 275 1770 nostra
292 1709 457 1768 obedientiae
479 1706 625 1766 devotione
639 1722 800 1782 congruere.
817 1708 896 1778 Quod
950 1715 1100 1785 actionem,
1117 1717 1255 1774 Dominus
1265 1731 1365 1775 norem
1377 1716 1528 1789 inquirens,
1543 1733 1684 1791 unumque
1694 1721 1753 1777 col·

93 1806 230 1865 euidenter
254 1806 283 1862 iii
294 1802 513 1861 Deuteronomio
536 1809 684 1876 aperteque
708 1800 896 1861 describitur:
913 1819 939 1884 Β
952 1808 1076 1880 laudans,
1088 1810 1301 1869 sollicitudinem
1319 1809 1447 1884 adjutorii
1461 1811 1503 1868 sui
1515 1811 1599 1869 etiam
1612 1813 1684 1870 cirea
1700 1813 1753 1871 im-

93 1902 169 1967 dum,
182 1901 281 1974 inquit,
301 1899 485 1956 introducent
509 1903 534 1954 tt
552 1899 681 1955 minius
700 1901 770 1954 Dtut
791 1900 897 1954 tuntiu
948 1920 1088 1962 memores
1111 1905 1309 1964 benebciorum
1335 1920 1450 1964 suorum
1465 1905 1561 1980 jugem
1585 1907 1701 1965 retinere
1725 1924 1755 1966 se

93 2000 455 2065 terrampuamposteseunts
466 1990 898 2061 inpactumetueieueritpmtee
949 2005 1097 2057 monstrat.
1113 2001 1173 2057 Hoc
1187 1998 1276 2071 ipsum
1297 1997 1371 2056 enim
1383 1997 1547 2056 visitationis
1572 2013 1629 2058 sun
1647 1999 1752 2059 donum

93 2091 194 2146 inultas
214 2104 302 2145 corani
320 2092 356 2152 te,
371 2088 504 2149 Ettaurn,
520 2091 546 2142 et
559 2087 736 2156 Gemmarum,
751 2090 777 2142 et
797 2088 899 2144 umor-
949 2101 1001 2161 est,
1017 2091 1092 2166 quod
1106 2092 1147 2149 iel
1161 2091 1275 2164 suscipit
1287 2100 1316 2149 et
1328 2090 1463 2164 approbat
1473 2099 1595 2164 gratum,
1609 2093 1651 2150 rel
1664 2093 1756 2167 requi

96 2183 213 2246 rbaemn,
223 2182 411 2246 chananeam,
426 2186 453 2237 et
465 2182 643 2244 Pirustarum,
659 2183 769 2237 Eccum
781 2182 898 2238 etJebu·
949 2183 988 2240 rit
1005 2199 1037 2242 ac
1047 2182 1221 2258 reprehendit
1236 2183 1367 2257 ingratos.

97 2289 192 2343 suum,
209 2279 308 2346 septem
320 2279 409 2344 pentes
418 2275 501 2330 multo
512 2273 625 2343 maioris
638 2277 753 2343 numeri,
775 2280 802 2330 et
812 2276 898 2332 robu-
1247 2277 1367 2336 CAPUT
1385 2278 1455 2334 XX.

97 2369 193 2424 stiores
213 2372 248 2430 te,
263 2368 461 2439 tradideritque
474 2383 518 2424 eas
533 2368 592 2431 tibi,
605 2370 739 2438 percuties
757 2383 802 2424 eas
814 2384 900 2441 usquc
1031 2372 1108 2440 Quod
1121 2372 1192 2427 ninii
1200 2374 1230 2427 iii
1243 2372 1291 2428 lioc
1299 2372 1400 2428 mundo
1413 2372 1472 2426 eine
1487 2375 1539 2428 lieo
1553 2377 1673 2441 amatur.

84 2459 134 2517 ‘nd
142 2462 503 2529 triteuueioiiemrnoninibii
512 2462 614 2517 cunina
624 2461 900 2533 {causaequesocia-
985 2466 1102 2524 credere
1116 2473 1208 2523 tamen
1220 2467 1381 2523 inconcussa
1392 2464 1447 2522 lide
1461 2479 1515 2522 nos
1531 2469 1669 2537 convenit,
1688 2469 1757 2529 niliil

97 2557 139 2612 bis
150 2571 210 2643 mim
220 2558 258 2612 eis
271 2558 396 2626 coniugia
406 2560 525 2624 (Deuten
538 2559 608 2623 vlt).
623 2555 705 2628 Quod
717 2555 800 2628 igitur
810 2556 899 2614 intro-
951 2561 1009 2619 sine
1022 2564 1082 2618 Deo
1096 2575 1210 2633 prorsus
1222 2560 1251 2616 in
1265 2559 1318 2616 boc
1333 2558 1441 2616 mundo
1453 2559 1523 2631 geri.
1539 2563 1597 2617 Aut
1614 2564 1688 2619 enim
1706 2581 1758 2622 io·

94 2648 235 2707 ducuntur
254 2649 283 2706 in
301 2657 404 2706 terram
423 2649 657 2722 repromissionis,
682 2649 758 2722 quod
775 2640 901 2708 delent'ur
951 2656 1056 2714 luntate
1070 2657 1128 2728 eius
1141 2663 1191 2712 aut
1203 2654 1340 2726 permissu
1352 2654 1394 2727 agi
1410 2655 1534 2710 untrcma
1547 2654 1688 2714 fatendum
1704 2670 1755 2730 est,

95 2752 190 2818 gentes
209 2743 304 2800 multer
322 2757 416 2800 coram
433 2743 480 2812 cis,
496 2743 572 2818 quod
592 2742 784 2801 tradunturln
803 2758 902 2803 manui
952 2747 1098 2807 utscilicet
1110 2747 1169 2804 bmc
1181 2761 1244 2820 quae
1256 2745 1330 2803 beria
1344 2755 1420 2815 sunt,
1435 2746 1576 2803 voluntate
1596 2749 1647 2805 Dei
1666 2751 1759 2822 pcrdci

97 2852 193 2896 aarum
207 2836 331 2894 badonas
342 2836 456 2910 maioris
467 2838 624 2904 rumerici
635 2837 802 2896 robustiores
814 2853 901 2911 quam
953 2841 1110 2913 auxilioque
1132 2839 1300 2907 credentum
1321 2855 1384 2912 quse
1409 2847 1504 2898 autem
1525 2843 1661 2901 contraria
1683 2853 1758 2912 sunt,

97 2931 323 3006 populoniensi,
345 2933 396 2989 Dei
410 2946 469 2989 esse
483 2932 601 3005 gratiam
616 2931 753 3004 Scriptura
775 2947 900 3006 pronun·
953 2934 1106 3010 parmissu;
1124 2948 1252 3006 cumpro
1268 2933 1394 3006 nequitiis
1407 2949 1439 2991 ac
1454 2933 1554 2992 duritia
1565 2936 1660 2994 cordis
1671 2940 1758 2996 nostri

99 3027 159 3084 tiat.
170 3028 273 3084 Utrum
284 3033 377 3082 autem
391 3025 527 3097 percutiat
539 3040 587 3082 eas
602 3024 685 3083 lsrael
699 3038 786 3099 usque
800 3025 836 3084 ad
854 3026 900 3081 in·
953 3028 1081 3087 desereris
1103 3040 1155 3083 nos
1177 3025 1267 3084 divina
1284 3027 1426 3100 protectio,
1449 3026 1591 3085 diabolum
1613 3029 1694 3089 nobis
1715 3033 1757 3090 vel

99 3119 298 3187 temecioncm,
317 3134 351 3175 an
373 3126 496 3176 reservet
516 3133 565 3175 eas
585 3126 613 3176 et
634 3127 738 3190 parcat,
760 3127 789 3176 et
808 3127 901 3176 utrum
955 3119 1150 3195 ignominiosas
1170 3120 1293 3194 corporis
1313 3121 1455 3194 passiones
1482 3123 1586 3195 patitur
1609 3122 1756 3183 dominari.

100 3216 174 3275 ineat
185 3230 250 3272 cum
265 3215 304 3271 eis
317 3212 419 3282 ioedus,
434 3221 464 3270 et
483 3220 578 3270 utrum
592 3226 650 3269 non
672 3211 758 3269 sociiu
778 3227 844 3269 auin
864 3211 903 3269 eis
917 3228 941 3295 ρ
956 3215 1037 3287 Quod
1049 3214 1132 3271 etiam
1154 3212 1279 3287 Apostoli
1303 3213 1418 3271 vocibus
1435 3214 1639 3274 euidentissime
1662 3217 1761 3291 perdo·

100 3309 236 3385 coniugia,
251 3325 285 3365 an
298 3309 394 3378 societ,
408 3308 601 3380 ipsorumesse
612 3313 738 3363 testatur.
756 3306 818 3376 Quo
827 3306 904 3363 testi-
957 3323 1063 3375 camur,
1075 3305 1206 3364 dicentis:
1223 3307 1417 3379 Propterpuod
1428 3309 1549 3365 tradidit
1569 3310 1630 3366 iilos
1649 3315 1718 3368 Deras
1732 3316 1761 3369 i'n

100 3402 195 3461 monio
214 3399 357 3460 manifeste
384 3399 569 3459 diseemitur⁶
590 3397 657 3473 quid
677 3398 762 3457 libero
780 3399 904 3469 arbitrio,
955 3405 1093 3475 passiones
1116 3403 1268 3470 munninio
1283 3404 1367 3468 (liam.
1384 3403 1418 3468 i).
1433 3402 1469 3458 Et
1487 3401 1608 3459 iteruin:
1627 3405 1696 3474 Quia
1709 3423 1762 3463 nori

101 3496 202 3569 quidve
222 3494 414 3569 dispensationi
440 3494 481 3551 iel
507 3494 667 3567 quotidiano
682 3493 817 3567 adjutorio
843 3497 903 3551 Do-
959 3496 1131 3553 crediderunt
1146 3492 1230 3568 [lips.
1250 3497 1279 3551 in
1300 3511 1388 3565 marp.
1404 3495 1597 3571 probaverunt]
1612 3503 1696 3555 Deum
1710 3502 1762 3556 ta·

106 3589 176 3646 mini
189 3588 336 3646 debeamus
355 3586 501 3656 ascribere,
516 3596 543 3645 et
559 3588 634 3660 quod
649 3586 749 3646 divinae
765 3586 909 3662 sitgratiee
964 3587 1486 3656 cacmncnticmaaiaitittoebmrin
1496 3591 1761 3661 reprobumsensuni,

108 3693 235 3760 praestare
252 3684 332 3742 nobis
356 3685 515 3743 occasiones
528 3684 623 3743 salutis
643 3692 672 3741 et
696 3692 845 3758 proventus
864 3699 907 3742 se·
962 3687 993 3740 ut
1005 3683 1223 3752 fumantiaque
1234 3696 1286 3736 non
1300 3680 1459 3737 cmumiunt
1474 3681 1574 3754 (ibid).
1586 3685 1765 3759 lpsequoque

543 3859 546 3866 ,
653 3811 782 3867 attunt
801 3811 914 3869 GAZAEl
932 3806 1214 3871 COMMENTARIUS.

144 3921 156 3952 ¹
171 3918 310 3977 Consonat
323 3918 387 3976 huic
408 3918 506 3974 similis
522 3924 551 3974 et
561 3916 664 3974 diserta
679 3918 814 3974 sententia
826 3917 910 3975 abba·
1001 3922 1064 3975 elta
1082 3918 1156 3973 enim
1171 3914 1232 3972 haec
1253 3912 1309 3971 duo
1328 3912 1472 3984 conjuncta
1491 3922 1555 3970 sunt
1568 3913 1595 3970 in
1614 3930 1697 3987 opere
1712 3931 1766 3974 no-

108 3989 144 4048 tis
164 3990 351 4047 Chaeremonis
371 3987 578 4052 collationem,
657 4001 683 4041 m
704 3995 732 4041 et
744 3988 780 4040 D.
797 3990 914 4057 Prosper
967 3995 1031 4045 strae
1042 3986 1245 4059 iustificationis
1258 3993 1286 4040 et
1299 3983 1404 4052 salutis,
1420 3993 1450 4041 ut
1469 3984 1577 4057 utrique
1590 4001 1653 4041 suas
1676 3995 1768 4057 partes

109 4060 185 4118 ialde
197 4058 384 4126 commendat,
399 4064 429 4112 ut
440 4055 579 4136 basimet
598 4000 812 4112 ffidameninm
827 4057 913 4114 totius
967 4056 1086 4112 tribuere
1103 4057 1264 4119 debeamus,
1289 4055 1409 4135 potiores
1430 4062 1524 4135 tamen
1543 4054 1640 4113 divinae
1661 4059 1765 4128 gratiae.

109 4130 301 4204 disputationis
315 4127 444 4183 adversus
456 4124 614 4198 Pelagianos
626 4134 655 4182 et
674 4125 912 4200 semipelagianos,
968 4125 1047 4197 Quod
1068 4141 1083 4180 a
1100 4127 1136 4180 D.
1159 4128 1294 4196 Pmspero
1321 4138 1427 4199 egregie
1450 4124 1598 4194 explicatur
1621 4126 1662 4182 bis
1679 4128 1768 4186 verbis

109 4219 173 4277 qum
188 4203 228 4259 sic
247 4200 329 4254 babet
349 4197 424 4269 (Gap.
438 4196 481 4269 (ηε
498 4199 555 4254 Non
575 4196 661 4253 solum
681 4201 799 4265 actuum,
821 4213 913 4253 unum
967 4194 1383 4268 (tib.11uei⁷ccat.peni.mp.
1403 4194 1466 4264 tul:
1485 4195 1580 4252 maiia
1594 4198 1703 4268 quiden
1719 4205 1771 4258 Dei

109 4276 195 4329 etiam
208 4270 403 4338 capitationem
416 4269 544 4324 bonarum
558 4283 592 4324 eu
606 4273 658 4326 Deo
670 4284 725 4325 esse
733 4271 912 4340 principium,
967 4270 997 4322 in
1013 4267 1134 4322 omnibus
1145 4265 1388 4337 justificationibus
1400 4267 1590 4337 principaliter
1600 4273 1765 4340 praeeminet,

110 4345 162 4413 qni
175 4341 249 4394 nobis
262 4343 286 4395 et
301 4342 380 4396 initia
390 4344 488 4395 sunctae
498 4340 644 4396 uoluntatis
655 4343 782 4412 inspirat,
792 4344 818 4397 et
826 4343 914 4397 uirtu-
966 4338 1103 4395 suadenda
1115 4336 1635 4410 eatmtaticnibucmcneracmenptir,
1646 4343 1769 4400 tetrardo

109 4420 163 4470 tem
184 4416 264 4480 atque
284 4415 507 4481 opportunitatem
521 4427 609 4467 eorum
624 4428 683 4482 pum
701 4416 771 4469 recte
788 4414 913 4485 cupimus
964 4411 1104 4481 periculis,
1117 4409 1258 4465 incitando
1269 4409 1418 4476 miraculis,
1432 4409 1521 4465 dando
1535 4413 1708 4479 intellectum,
1722 4418 1768 4472 i'ii-

111 4485 213 4540 tiibuit
224 4483 382 4564 peragendi,
396 4491 447 4539 etc.
457 4503 465 4551 ς
477 4498 493 4565 a
505 4491 664 4565 qualtnmen
678 4483 811 4540 sententia
822 4482 912 4540 callio
1003 4481 1096 4537 'rande
1117 4481 1268 4563 emisiliurn,
1287 4494 1382 4549 corque
1398 4482 1518 4551 ipsorum
1532 4483 1723 4547 illuminando,
1742 4492 1768 4542 et

110 4555 159 4611 lica
174 4569 316 4610 recessisse
330 4561 376 4609 aut
388 4553 531 4610 deflexisse
546 4569 619 4610 uisus
632 4553 705 4612 idem
723 4555 782 4626 ipse
795 4555 912 4613 collator
964 4497 1055 4623 fficio
1085 4552 1230 4610 actionibus
1241 4551 1394 4607 imbumdo.
1405 4551 1458 4609 Sed
1467 4556 1769 4613 mamicluntaebomi·

112 4634 169 4683 tota
195 4640 244 4681 sira
263 4624 438 4696 consequenti
456 4623 641 4696 disputatione
660 4632 688 4680 et
707 4625 852 4684 collatione
876 4624 912 4683 dc
964 4627 1007 4681 nis
1014 4625 1319 4696 mojanpuarci,atpue
1331 4624 1514 4693 conjungitur,
1526 4641 1586 4693 pua
1594 4627 1631 4679 ad
1643 4629 1767 4694 torpue-

131 4698 282 4754 rotectione
296 4695 346 4751 Dei
359 4704 387 4751 at
401 4695 487 4752 libero
500 4693 623 4751 arbitrio.
642 4695 724 4752 Unde
734 4696 862 4753 ineritoa
876 4697 909 4754 b.
965 4695 1044 4753 dictis
1057 4700 1098 4752 est
1108 4697 1226 4751 cantata
1234 4694 1381 4765 praemiis,
1396 4699 1428 4748 ut
1439 4694 1533 4774 diuino
1544 4696 1607 4747 inse
1617 4700 1769 4762 moperew

112 4713 248 4839 Y'rosperc
263 4767 436 4838 redargutus,
455 4773 482 4823 et
500 4781 515 4821 a
530 4765 640 4823 Gelasio
654 4766 785 4838 pontilice
798 4767 911 4840 aliisque
925 4747 950 4811 D
965 4770 1049 4838 operi,
1065 4772 1092 4822 et
1104 4768 1218 4836 incipiat
1231 4779 1351 4819 eunome
1368 4764 1406 4817 ad
1424 4767 1552 4815 meritum
1569 4763 1642 4830 quod
1655 4777 1769 4832 superna

113 4846 225 4896 notatus
238 4847 289 4906 est,
311 4845 341 4894 ut
356 4836 456 4894 ibidem
471 4838 528 4894 Deo
541 4834 648 4893 favente
665 4836 807 4894 ridebitur.
895 4904 900 4913 Ι
969 4840 1069 4893 semine
1079 4839 1196 4905 mucepit
1208 4835 1246 4889 cd
1258 4834 1377 4889 studium
1385 4850 1397 4913 3·
1410 4831 1443 4886 de
1456 4845 1507 4913 sua
1521 4829 1619 4913 babens
1633 4835 1772 4890 mambili'·

150 4910 164 4944 a
180 4910 312 4966 Nostrum
330 4907 446 4982 intellige
459 4923 516 4964 non
534 4907 702 4992 excludendo
721 4908 849 4980 gratiam,
867 4907 916 4965 ssd
971 4912 1027 4989 tate
1038 4908 1065 4961 si
1077 4907 1175 4988 deflet,
1190 4905 1224 4987 de
1237 4903 1333 4972 pratia
1344 4901 1521 4983 opitulatione
1531 4916 1556 4957 si
1571 4906 1680 4990 proficit
1687 4925 1695 4971 ;
1710 4922 1770 4976 puoe

112 4977 917 5123 ttlttefftlttlll‘ltitdistitutislt?
970 4971 1439 5128 ‘’iiiiii‘liemrlidllwdi
1449 4975 1772 5117 mittimini:

112 5121 203 5180 stitiu.
220 5124 295 5194 (Gap.
310 5128 341 5177 1³
354 5127 380 5177 ct
393 5125 533 5193 sequent),
547 5129 575 5178 et
588 5120 687 5179 clarius
699 5120 804 5248 gatebit
815 5137 847 5178 eii
856 5127 916 5178 toto
971 5123 1026 5182 tur,
1040 5119 1163 5187 ipsorum
1180 5120 1219 5171 cst
1236 5119 1381 5186 montbar
1392 5115 1465 5186 quod
1473 5119 1563 5169 autern
1574 5133 1592 5170 a
1608 5119 1701 5174 multis
1712 5135 1771 5176 sus·

113 5193 231 5252 decursu
242 5193 395 5249 collationis
407 5193 518 5249 decimae
530 5191 629 5261 terties,
640 5191 687 5249 ulii

114 5272 175 5321 tum
190 5272 318 5321 accurate
331 5272 473 5321 tractatur.
487 5265 549 5321 Non
566 5279 631 5337 ergo
646 5263 689 5320 liic
700 5262 820 5336 separari
835 5261 918 5319 debet
1007 5260 1021 5297 ‘¹
1043 5262 1106 5319 Non
1125 5258 1205 5316 aiter
1219 5272 1303 5341 quam
1326 5264 1490 5329 cooperante
1510 5257 1595 5341 gratia
1619 5261 1681 5331 Dei,
1695 5262 1775 5336 eujus

113 5335 143 5393 id
156 5336 231 5408 quod
243 5345 369 5393 nostmm
383 5345 425 5392 est
434 5334 469 5391 ab
481 5351 514 5392 eo
528 5335 601 5408 quod
615 5334 666 5392 Dei
679 5343 722 5392 est
735 5335 770 5404 (si
785 5332 919 5392 catholice
972 5331 1055 5391 etiam
1069 5331 1173 5414 donum
1192 5337 1235 5386 est
1252 5344 1310 5411 ipsa
1327 5327 1455 5397 ildes„ut
1468 5344 1591 5413 superius
1609 5333 1699 5391 risum
1712 5339 1772 5404 test.

114 5420 251 5478 exponere
266 5407 392 5474 velimus)
408 5407 485 5491 quasi
507 5422 543 5464 ex
557 5405 637 5463 nobis
655 5406 729 5479 ipsis,
750 5421 798 5463 seu
817 5403 920 5462 nostris
958 5402 1052 5474 ‘Quod
1071 5418 1144 5459 enim
1165 5401 1206 5458 vel
1226 5415 1303 5469 ceci,
1327 5407 1357 5456 ut
1378 5414 1394 5455 a
1416 5397 1522 5457 Christo
1542 5401 1773 5475 illuminarentur,

117 5476 221 5535 uiribus
234 5479 336 5562 absque
350 5478 459 5551 speciali
481 5486 509 5535 et
524 5477 726 5551 supernaturali
748 5478 798 5535 Dei
819 5475 920 5535 auxilio
972 5474 1310 5556 clamaverunt-Miserere
1331 5473 1430 5555 riustri,
1445 5472 1486 5542 itii
1500 5473 1598 5536 biii-id,
1614 5476 1653 5530 iel
1670 5475 1774 5547 quode

118 5547 265 5675 possimus·
276 5550 368 5607 eidem
392 5549 497 5607 vocanti
519 5548 645 5633 assentiri
666 5549 862 5633 etncooperari,
872 5562 921 5674 Pac
974 5545 1068 5676 (ἔξω
1083 5545 1198 5672 lgprosis
1208 5542 1353 5674 ffeundaus
1370 5556 1440 5625 unus
1452 5543 1775 5671 ⁶⁰m²iffi¹ffid⁵0ffin⁰²

118 5618 922 5773 ,aliliutttilutztiimtitl‘stat
976 5624 1440 5772 mitisiflii'laailiileili
1451 5619 1816 5771 siilibmlilll'lb

116 5762 279 5846 intelligitur
297 5765 360 5837 quia
384 5779 416 5821 es
433 5772 529 5821 nostro
548 5763 651 5839 pendet
672 5779 807 5822 eonsemu
831 5768 859 5820 et
872 5775 922 5819 co·
976 5760 1083 5832 planior
1105 5767 1231 5818 tractatio
1252 5758 1288 5818 ad
1311 5756 1484 5816 collationem
1509 5765 1619 5816 tertiam
1642 5759 1768 5815 demmaii

117 5842 277 5907 operatione
294 5850 359 5893 cum
372 5834 460 5908 gratia
473 5833 577 5893 divina
977 5827 1121 5890 referenda
1133 5837 1184 5889 est.

721 5208 755 5249 oc
768 5205 916 5266 argumen-
971 5191 1082 5261 cipitur,
1095 5192 1122 5244 et
1172 5189 1236 5242 ati‘oe
1255 5191 1294 5243 est
1308 5186 1407 5242 diurne
1426 5191 1452 5242 et
1468 5187 1616 5244 uoluntatis
1635 5191 1771 5249 buinaria.
