3848 6158
112 261 169 313 297
369 256 413 312 be
431 256 670 314 COENOBIORUll
688 257 811 314 iussit.
832 256 896 313 LlB.
915 257 973 313 Vll.
993 285 1027 297 -
1046 258 1090 313 ba
1109 258 1243 315 SPlitlTU
1264 261 1517 320 PlllLlRGYltlAE.
1715 273 1768 327 298

112 380 264 438 timentum
273 394 330 437 non
341 352 467 438 sulficere
480 381 553 454 quod
566 381 713 454 praebetur,
723 381 774 439 nisi
787 397 916 455 procura·
931 385 959 449 Α
972 397 1028 438 non
1040 381 1188 442 iracundie
1198 386 1281 444 noxio
1293 385 1386 446 lurore
1402 389 1532 462 suppleri.
1552 389 1582 447 Si
1597 406 1736 464 quoquam
1750 412 1767 450 a

112 473 184 531 verit
200 472 275 530 unde
287 471 340 529 sibi
356 473 429 533 aliud
442 475 529 531 valeat
547 475 676 533 exhiberi.
699 477 843 534 Postremo
865 491 918 535 nec
971 491 1019 548 spe
1032 485 1153 547 quastus
1164 478 1307 548 deciderit3
1324 496 1379 537 non
1396 481 1563 551 honestatis,
1585 499 1641 540 non
1656 486 1768 543 humili-

27 626 30 635 ,
111 564 295 638 diupossoin
307 565 405 623 eodem
420 567 482 624 loco
495 568 536 624 vel
548 567 914 651 monasteriulcommorari:
970 569 1035 627 tatis
1053 570 1166 629 modum
1180 572 1372 631 transcendero
1384 575 1559 646 pertimescit,
1575 577 1660 651 litque
1674 578 1699 635 ei
1719 595 1767 651 per
1870 634 1872 639 .

111 657 208 714 etnisi
226 656 366 729 paraverit
385 658 436 714 sibi
456 658 547 715 viatici
570 668 700 733 sumptus
718 660 917 734 evectionisque
970 664 1077 731 omnia,
1091 673 1124 723 nt
1137 665 1196 723 aliis
1214 675 1318 737 venter,
1331 667 1367 724 ita
1383 667 1445 725 huic
1459 684 1559 726 aurum
1577 678 1606 726 et
1619 686 1681 743 spes
1700 672 1767 728 lucri

111 750 309 809 mamarinae
335 751 507 822 mercedem,
528 769 585 811 non
608 770 687 829 posse
704 771 770 813 cum
788 756 916 825 voluerit,
970 773 1020 829 pro
1034 759 1100 815 Deo.
1113 758 1196 816 Unde
1211 759 1467 832 beatutApostclus
1480 760 1563 834 hujus
1583 763 1673 819 morbi
1686 763 1767 821 uovia

111 844 322 918 transmigrare,
335 854 362 901 et
370 846 530 903 neemsitate
541 847 639 921 inopiae
652 858 832 918 coarctatum,
844 849 916 907 labo·
971 865 1072 908 venena
1086 852 1270 924 prospiciens,
1290 869 1349 911 non
1369 854 1461 910 solum
1481 869 1544 911 cam
1564 855 1684 913 radicem
1708 873 1767 915 esse

111 939 219 996 riosam
231 953 263 995 ac
283 938 468 997 miserabilem
490 940 595 1013 absque
612 942 668 999 ullo
689 942 812 1014 proiectu
833 942 916 1001 vitam
969 942 1095 999 omnium
1106 944 1359 1012 malorum,verum
1372 944 1599 1003 etiamidolorum
1610 948 1769 1005 servitutem

109 1032 216 1106 jugiter
237 1031 419 1089 toleraturum
438 1051 445 1087 ε
466 1033 575 1107 inopem
590 1051 620 1092 se
638 1052 746 1109 quoque
759 1051 868 1108 semper
885 1051 918 1093 ae
971 1035 1164 1107 pronuntiavit,
1180 1036 1274 1094 dicem
1290 1058 1296 1092 :
1311 1041 1348 1094 Et
1362 1047 1373 1074 ⁰
1388 1043 1509 1096 coertio
1524 1041 1611 1112 (quod
1623 1041 1651 1098 in
1669 1042 1768 1101 Graeco

111 1123 221 1181 nudum
233 1139 290 1180 non
302 1123 361 1181 sine
371 1124 538 1198 improperio
550 1126 638 1184 aliena
650 1127 800 1185 substantia
812 1135 918 1184 suamn-
970 1126 1247 1200 uiciurpmpppta),
1256 1146 1316 1201 que
1327 1135 1365 1187 cst
1372 1135 1579 1190 simulacrorum
1587 1140 1701 1194 semitm
1712 1139 1769 1203 (Ge-

111 1217 241 1276 tandum.
257 1221 353 1293 ltaque
366 1234 430 1276 nrm
446 1219 633 1293 hujuscemodi
648 1221 862 1295 cogitationibus
876 1222 915 1278 la·
971 1221 1031 1277 loss.
1045 1226 1106 1288 ιιι).
1120 1222 1214 1279 Cernis
1226 1221 1309 1294 igitur
1318 1223 1353 1279 ad
1364 1233 1495 1295 quantam
1506 1224 1595 1283 labem
1607 1228 1697 1285 rabies
1709 1228 1769 1286 baee

111 1311 256 1384 queaverit
268 1320 403 1382 mentem,
426 1313 543 1385 qualiter
557 1329 643 1372 unum
664 1315 761 1374 wtem
774 1315 916 1373 denarium
969 1329 1017 1385 per
1032 1313 1132 1388 gradus
1148 1314 1270 1387 singulm
1290 1323 1408 1385 meat,
1423 1317 1547 1374 alebam
1568 1317 1706 1376 idolorum
1727 1323 1768 1378 vel

109 1405 255 1477 acquirere
267 1406 355 1479 possit
367 1405 512 1480 excogitat
528 1409 605 1466 Tune
615 1408 751 1482 peculiare
761 1424 830 1483 opus
841 1409 917 1482 quod
968 1406 1175 1467 simulacrorum
1195 1408 1315 1467 servitus
1334 1409 1460 1482 Apostoli
1478 1427 1545 1468 voce
1561 1413 1767 1485 pronuntietur,

111 1506 257 1570 exerceat,
281 1497 379 1556 abbate
396 1499 502 1569 inscio,
522 1501 638 1559 sollicita
663 1510 756 1561 mente
774 1490 914 1577 perquirit.
969 1517 1003 1559 co
1025 1501 1262 1577 quodliguraDei
1282 1512 1310 1560 et
1323 1504 1444 1578 imagine
1460 1506 1645 1579 praetenuissa
1667 1511 1767 1580 (quam

111 1591 196 1663 Quod
208 1590 331 1650 vendens
339 1591 410 1651 clam
420 1600 449 1651 et
455 1602 549 1668 optato
556 1595 668 1653 tandem
677 1597 914 1670 potitusnummo,
969 1596 1065 1654 devote
1079 1598 1199 1655 serviens
1213 1601 1272 1655 Deo
1292 1599 1494 1656 immaculatam
1514 1600 1542 1656 in
1555 1601 1702 1674 semetipso
1722 1601 1757 1659 de

110 1684 232 1758 qualiter
252 1700 317 1742 eum
338 1684 458 1759 duplicet
472 1687 577 1758 acrius,
595 1687 835 1762 vehementiusque
855 1697 916 1746 tor-
968 1690 1185 1759 buiteustcdire)
1197 1690 1341 1749 bominum
1354 1693 1456 1766 figuras
1470 1693 1618 1765 impressas
1629 1710 1697 1751 auro
1708 1693 1768 1752 dili-

107 1787 230 1851 quetnr3
243 1779 291 1837 ubi
304 1789 436 1853 reponat,
450 1781 527 1838 cuive
540 1781 618 1837 illum
632 1781 743 1854 credat,
757 1783 913 1858 ambiguus.
928 1783 953 1847 ll
969 1800 1032 1859 gere
1050 1801 1101 1858 pro
1114 1788 1173 1842 Deo
1191 1785 1305 1854 maluit,
1321 1794 1349 1842 et
1364 1786 1445 1843 tueri.

107 1871 221 1930 Deinde
239 1872 306 1947 quid
317 1889 351 1930 er
364 1889 396 1932 eo
411 1890 545 1941 coemere,
557 1876 683 1951 qualique
696 1893 759 1935 cum
772 1893 915 1936 commer-
1260 1898 1379 1956 cpppp
1398 1899 1472 1957 pm,

107 1966 159 2023 uio
169 1966 259 2024 valeat
269 1965 418 2039 duplicare,
432 1984 497 2051 cura
516 1969 640 2043 graviore
653 1969 817 2031 distenditur
834 1973 915 2044 (l'ide
1038 2001 1115 2070 erod
1126 2000 1299 2071 „pamm
1314 2016 1402 2057 ,mm
1421 2003 1535 2056 ,ptum
1552 2001 1691 2075 ,mm

107 2061 194 2117 Joen.
215 2060 344 2129 climac,
365 2079 425 2131 pru.
442 2067 481 2130 7).
502 2064 627 2135 Cumque
640 2063 718 2121 illiet
736 2065 833 2124 bocer
849 2074 913 2123 voto
1002 2099 1016 2144 d

109 2153 239 2224 malt,
250 2154 353 2212 avidior
366 2154 455 2215 fanias
472 2158 605 2215 accrescit
621 2158 700 2228 auri,
718 2167 849 2231 tantoque
866 2176 915 2218 ve-

111 2246 271 2305 hementius
290 2250 451 2320 suscitatur,
491 2259 597 2323 quanto
619 2236 702 2308 ctiam
722 2268 831 2310 summa
849 2253 917 2311 lucri

112 2346 209 2418 major
224 2346 377 2419 apponitur.
390 2351 403 2380 ¹
414 2348 483 2404 Cum
494 2347 617 2421 pecuniae
631 2347 734 2405 etenim
746 2346 914 2404 incremento

112 2443 210 2503 rabies
222 2444 376 2517 cupiditatis
387 2452 512 2518 augetur.
527 2448 599 2503 Tum
611 2445 712 2504 deinde
723 2445 777 2501 vita
792 2444 914 2518 longaeva

111 2538 299 2611 promittitur,
319 2546 444 2597 tenemus
461 2539 588 2608 incurva,
611 2539 782 2597 infirmitates
799 2539 914 2597 diversa

109 2642 198 2707 atque
215 2633 342 2708 prolixae,
354 2649 415 2706 quae
430 2633 480 2691 nisi
499 2634 590 2707 major
611 2649 719 2691 summa
732 2633 759 2690 in
769 2634 915 2708 iuventute

107 2725 196 2785 fuerit
216 2734 382 2802 praeparata,
405 2726 515 2784 tolerari
536 2727 564 2783 in
584 2735 694 2785 senecta
714 2742 771 2783 non
795 2726 911 2800 possint.

109 2822 214 2894 Agitur
224 2820 315 2893 itaque
326 2819 418 2877 infelix
432 2821 523 2878 anima
538 2821 702 2893 serpentinis
715 2820 830 2877 neribus
842 2819 913 2877 obli·

110 2920 191 2989 gatru
207 2914 274 2971 dum
291 2912 432 2970 materiam
453 2913 526 2971 nrale
538 2922 694 2971 concrctam
706 2912 837 2985 nequiore
848 2928 914 2969 cura

110 3006 286 3080 concupiscit
298 3021 408 3079 augere,
419 3015 523 3080 pestem
535 3006 587 3065 sibi
600 3023 654 3081 qua
664 3006 750 3079 dirius
759 3006 913 3065 iollamme-

111 3108 173 3169 tur,
192 3099 249 3172 ipsa
268 3101 436 3172 parturiens,
452 3108 564 3173 totaque
577 3100 648 3157 lucri
664 3100 828 3173 cogitatione
847 3114 913 3173 pos-

1031 2110 1140 2169 Talibus
1160 2111 1245 2185 igitur
1257 2109 1445 2168 decessionum
1466 2111 1631 2183 prolectibus
1645 2115 1673 2170 in
1690 2115 1765 2172 dete·

967 2203 1024 2260 rius
1043 2219 1182 2271 crescens,
1197 2203 1301 2260 nnllam
1321 2201 1448 2277 deinceps
1464 2202 1641 2271 humilitatis,
1662 2206 1765 2263 nnllam
1852 2231 1856 2240 ·

967 2298 1121 2366 charitatis,
1137 2297 1239 2354 nullam
1253 2295 1424 2362 obedientiae,
1439 2311 1494 2352 non
1510 2296 1599 2353 dicam
1617 2297 1765 2365 virtutem,

967 2389 1016 2447 sed
1029 2405 1064 2449 ne
1076 2390 1203 2447 umbram
1217 2389 1327 2463 quidem
1348 2388 1456 2446 unctis
1471 2390 1588 2447 retinere
1599 2399 1764 2463 contentus,

968 2484 1124 2559 indignatur
1135 2483 1169 2541 ad
1180 2484 1286 2551 omnia,
1300 2491 1328 2540 et
1345 2483 1381 2541 ad
1394 2484 1500 2558 singula
1515 2500 1598 2557 opera
1610 2496 1766 2544 murmurat

967 2585 1049 2651 atque
1066 2577 1192 2650 suspirat.
1212 2576 1346 2649 Nullaque
1363 2578 1424 2648 jam
1442 2579 1594 2636 reverentia
1613 2589 1765 2649 reservata,

968 2671 1042 2727 volnt
1061 2686 1147 2743 equus
1160 2668 1322 2726 durissimus
1335 2668 1371 2727 ad
1387 2669 1567 2741 precipitium
1580 2669 1668 2726 fertur
1679 2669 1762 2727 inire·

968 2763 1011 2818 nis
1032 2780 1040 2817 ε
1064 2776 1115 2818 nec
1138 2761 1210 2818 victu
1230 2759 1405 2833 quotidiano,
1430 2776 1480 2816 nec
1499 2761 1579 2816 solito
1606 2760 1765 2819 indumento

968 2866 1128 2925 contentus,
1140 2872 1196 2913 non
1215 2872 1245 2914 se
1265 2856 1368 2913 diutius
1381 2856 1439 2912 baec
1451 2857 1630 2913 toleraturum
1649 2873 1709 2916 esse
1722 2866 1765 2915 te-

967 2958 1066 3006 statur.
1081 2953 1172 3006 mum
1186 2963 1295 3023 quoque
1306 2964 1363 3005 non
1381 2948 1418 3004 ibi
1432 2949 1608 3006 solummedo
1625 2965 1684 3007 esse
1699 2967 1766 3024 pro-

966 3044 1078 3111 clamat,
1099 3058 1149 3101 nec
1166 3044 1282 3101 salutem
1301 3057 1380 3099 suam
1394 3042 1423 3098 in
1442 3041 1490 3097 illo
1508 3049 1615 3099 matum
1628 3042 1689 3100 loco
1706 3060 1766 3101 esse

248 3193 282 3206 ..
335 3194 342 3206 .
458 3193 489 3207 ..
583 3192 624 3206 ..
678 3193 684 3206 ,
966 3138 1134 3195 conclusam.
1150 3136 1231 3194 Unde
1243 3135 1266 3193 si
1277 3150 1417 3209 quoquam
1431 3150 1528 3192 senon
1543 3135 1766 3210 celerioraspor-

109 3208 211 3262 ‘m'
226 3193 293 3251 ΝΜ
306 3190 380 3253 ³¹¹¹¹d
394 3203 503 3268 Μαι
514 3194 605 3253 ⁰⁰¹d¹⁸
616 3201 735 3264 ¹⁰⁸⁰¹⁸¹¹²
746 3208 830 3266 ‘¹⁰³⁰'
841 3192 914 3250 Μ’
928 3219 952 3284 C
967 3231 1079 3301 taverit,
1095 3247 1125 3288 se
1144 3231 1296 3303 periturum
1316 3228 1442 3302 protinus
1464 3229 1582 3302 graviter
1599 3230 1762 3305 ingemiseit.

36 3348 47 3356 .
110 3284 258 3359 militm
268 3301 363 3359 parare
377 3287 481 3356 valeat,
503 3303 550 3360 per
562 3302 645 3360 quam
658 3287 745 3360 possit
760 3286 796 3344 de
815 3302 912 3344 mona·

109 3372 195 3432 sterii
208 3372 341 3447 dmpliua
353 3374 513 3447 quantocius
526 3373 650 3439 evolare,
659 3374 767 3431 nullam
782 3373 914 3433 exbibens
1267 3340 1387 3398 CAPUT
1405 3341 1456 3396 lx·

108 3462 215 3533 tidem,
240 3463 285 3520 ubi
310 3463 431 3537 potuerit
454 3463 561 3521 nummi
581 3479 643 3537 spes
660 3464 748 3537 aliqua
767 3462 911 3537 refulgere.
967 3457 1042 3527 Quod
1056 3452 1201 3513 mailli
1214 3452 1467 3536 hilmitwltt'ab
1480 3452 1510 3509 ²⁴²²
1524 3452 1639 3509 millib
1658 3471 1767 3525 pumu-

109 3546 127 3586 '
146 3554 201 3610 Pro
213 3551 264 3631 bae
276 3568 333 3610 uon
348 3551 494 3621 mendacii,
510 3568 566 3610 non
579 3552 703 3626 perjurii,
716 3568 772 3610 non
786 3552 852 3611 lurti
868 3551 914 3613 ia·
1251 3540 1312 3579 ”m
1325 3528 1479 3595 ΜΡΝ·

109 3639 192 3699 cinus
209 3640 352 3699 admittere
372 3639 569 3714 perhorrescit,
591 3657 647 3698 non
662 3641 745 3698 iidem
771 3638 913 3717 frangere,
1003 3646 1098 3717 ltaque
1116 3649 1135 3678 ⁸·
1146 3635 1330 3697 instabilitatis
1346 3652 1403 3695 suae
1414 3637 1544 3697 viaticum
1559 3638 1664 3699 babens
1682 3657 1766 3699 num-

661 3740 788 3797 ALAlllll
806 3740 918 3799 GAZAEl
937 3739 1217 3800 COllllEN'l'AlllUS.

149 3836 284 3911 ‘ivdpm
298 3852 382 3911 quam
393 3837 453 3905 aliis
465 3837 553 3897 verbis
564 3839 661 3898 extulit
674 3846 754 3913 poeta
770 3840 915 3911 (iuvenalis
970 3843 1097 3905 lohrtsim
1112 3841 1163 3894 t'ste
1175 3853 1249 3909 apem
1260 3852 1338 3893 suem
1352 3838 1490 3894 constituit
1502 3837 1661 3920 inpeccatis.
1677 3835 1725 3892 lile
1735 3842 1765 3892 ti

111 3910 205 3981 sntpr.
221 3913 268 3977 1⁴)
286 3927 293 3964 ε
423 3916 426 3921 ’
968 3907 1766 3968 metmutiiuresimulocmm:etistetimetmmuerethesuu-

143 3981 242 4033 cmii
257 3991 330 4030 amor
341 3980 439 4031 numni
455 3983 577 4044 quantum
594 3980 649 4044 ipss
661 3979 767 4043 pachon
783 3981 881 4030 creuit·
968 3984 1123 4038 urm-tiae
1133 3979 1317 4035 innocentius.
1333 3977 1423 4033 Alium
1440 3978 1572 4032 canonem
1583 3974 1676 4046 accipe
1692 3992 1707 4031 a
1722 3980 1760 4034 D.

109 4052 311 4135 Cuiuconsonat
322 4051 389 4108 illud
404 4053 505 4110 Eccles.
517 4055 625 4109 Avarus
637 4067 690 4107 nou
700 4051 856 4121 implebitur
865 4068 914 4123 pe·
968 4052 1117 4134 Ambrosio
1129 4066 1136 4105 ι
1150 4053 1225 4107 Sicut
1244 4049 1400 4130 idoloimm
1409 4049 1458 4102 uni
1472 4050 1525 4102 Deo
1537 4048 1636 4101 m'titur
1653 4048 1765 4113 cassem

109 4125 512 4266 capnfflttffiglblme
528 4191 658 4259 avaritie,
676 4207 725 4249 sen
745 4189 914 4263 philargyria
967 4115 1766 4255 giffimge:qsr'ffdngtrffssubnuffissgtssmgfdffffl

111 4262 193 4332 filias,
207 4273 236 4321 et
247 4263 371 4337 soboles.
384 4279 401 4321 a
414 4267 450 4321 D.
464 4264 601 4336 Gregorio
618 4264 742 4336 superius
756 4264 913 4320 recensitos.
967 4267 993 4320 si
1003 4264 1173 4334 pomposam,
1191 4271 1260 4341 uum
1274 4261 1300 4312 et
1312 4257 1383 4313 nolus
1405 4260 1557 4339 menmium
1570 4256 1623 4311 acha
1637 4268 1763 4330 assumet,

149 4335 161 4367 ⁸
174 4333 307 4401 Avaritia,
325 4332 415 4406 inquit
426 4337 463 4391 D.
483 4336 624 4406 Thomas,
634 4342 810 4406 comparatur
821 4334 914 4391 idolo·
968 4335 1130 4406 quemDeus
1140 4329 1437 4410 omrrmsulcommuoem
1448 4328 1516 4410 {emt
1526 4326 1566 4412 (in
1574 4334 1713 4414 comment.
1728 4334 1767 4388 ud

112 4404 217 4470 latriae.
228 4420 277 4478 pes
290 4405 438 4488 quamdam
452 4405 674 4474 similitudinem,
691 4405 754 4478 quia
767 4405 842 4463 sieut
854 4406 915 4463 ido·
969 4408 1066 4465 coloss.
1082 4407 1143 4470 ιιι).
1156 4405 1191 4458 iit
1203 4400 1267 4457 alrln
1288 4408 1387 4483 iterum
1402 4417 1409 4453 :
1425 4401 1555 4483 Acontio
1567 4398 1665 4484 murco
1677 4402 1765 4484 moto-

111 4475 221 4534 lulstsia
234 4475 343 4549 subjicit
362 4485 558 4544 sectenturaea
572 4477 613 4533 sic
631 4486 658 4534 et
672 4492 770 4534 avarus
784 4497 791 4532 ι
804 4492 861 4533 non
873 4484 913 4533 ta·
967 4479 1057 4534 latnie
1067 4477 1222 4546 comperuit
1231 4475 1280 4534 eet.
1290 4487 1357 4542 quta
1364 4487 1406 4554 ta,
1418 4485 1478 4540 (Μ
1487 4474 1536 4555 llet
1544 4475 1618 4534 stul,
1628 4472 1681 4526 uba
1689 4489 1767 4530 usur-

109 4546 287 4605 mencodem
301 4546 386 4604 modo
399 4552 469 4615 (2-2,
503 4549 756 4617 .118,u.bodt,
781 4553 807 4604 et
819 4550 848 4603 iu
861 4563 913 4604 e.v
965 4553 1015 4621 pot
1026 4545 1242 4612 aerumnosum
1256 4558 1316 4613 quur
1327 4543 1419 4599 nemu
1431 4557 1550 4597 omnium
1559 4545 1765 4602 muressitileus

108 4617 228 4690 adepto.
242 4617 300 4675 lect.
322 4624 358 4685 8).
372 4621 447 4677 uam
465 4566 619 4676 idololatria
630 4619 741 4692 subjicit
753 4633 783 4674 se
799 4627 908 4675 ereatu-
967 4621 1152 4681 mrnmunitem
1167 4616 1288 4697 natatilia
1301 4614 1425 4699 denegnt.
1438 4614 1547 4695 quondo
1558 4613 1657 4669 ideirco
1669 4619 1766 4671 retinet

108 4703 165 4755 rar,
188 4696 220 4746 nt
235 4688 363 4747 exhibeat
379 4690 405 4746 ei
423 4688 530 4747 cultum
544 4689 668 4747 divinum
684 4703 800 4745 :avarus
816 4697 908 4745 autem
921 4678 948 4742 h
963 4706 1015 4747 suu
1030 4690 1105 4761 upsrd
1118 4705 1156 4751 ae,
1169 4704 1202 4742 oc
1213 4687 1265 4741 olis
1276 4685 1581 4765 utentumAhamrtem
1596 4697 1613 4738 a
1629 4686 1662 4736 D.
1674 4689 1767 4756 Augu-

108 4758 220 4834 subjieit
231 4774 261 4817 se
279 4767 411 4817 creaturae
426 4759 607 4818 immoderate
620 4775 683 4816 eam
698 4758 914 4830 concupiscendo
967 4761 1039 4819 stino
1055 4761 1165 4817 :Acori
1170 4757 1330 4826 traiectum
1339 4758 1510 4817 commonita
1518 4757 1608 4833 nutem
1619 4755 1672 4807 Deo
1688 4770 1766 4822 :que

109 4829 148 4887 ad
161 4831 368 4902 uttrmil'ltilip.
383 4845 433 4899 ιιι,
445 4833 474 4889 S.
491 4832 601 4888 Hieron.
612 4834 691 4902 epist.
703 4834 759 4897 22).
774 4832 822 4887 Est
833 4831 916 4902 igitur
968 4835 1045 4889 nium
1067 4847 1121 4886 uon
1139 4842 1278 4882 nummum
1293 4830 1405 4895 prepter
1422 4828 1507 4880 Deum
1524 4821 1699 4903 rmpusdunt,
1718 4826 1766 4878 scd

106 4916 211 4984 armos
224 4899 383 4984 idololatra,
394 4917 450 4958 non
468 4902 522 4958 lide
533 4910 561 4958 et
571 4902 658 4974 cultu,
669 4900 719 4965 sed
729 4898 841 4968 ellectu,
853 4901 916 4972 quia
968 4907 1052 4985 mma
1134 4904 1175 4954 ter
1191 4911 1330 4950 nummum
1339 4896 1428 4950 colunt
1438 4897 1486 4958 (De
1500 4892 1578 4947 Cion.
1591 4891 1610 4945 l.
1625 4905 1659 4947 ιι
1673 4909 1696 4948 ι.
1710 4899 1765 4962 ab).

110 4970 917 5114 mammonam...
966 4965 1487 5118 ”lautumiis-nerra...
1688 5040 1766 5093 ...-

109 5120 160 5170 rst.
174 5112 278 5170 flinca
298 5111 335 5169 ud
347 5114 469 5170 ethnicos
481 5114 561 5170 Pluto
576 5123 603 5170 et
622 5112 745 5171 Bacchus
756 5113 784 5168 in
799 5127 917 5170 numero
970 5115 1070 5169 tiorum
1082 5109 1260 5189 mmmmtis.
1273 5105 1329 5189 Ubi
1343 5114 1496 5178 opportune
1506 5115 1640 5162 succurrit
1652 5106 1694 5162 rlla
1707 5125 1767 5164 sen·

110 5185 231 5243 deornm
246 5129 333 5241 habiri
346 5195 423 5253 sunt,
435 5184 567 5257 quoniam
581 5185 625 5241 ille
636 5198 792 5245 avarorum.
808 5181 853 5239 bic
867 5198 917 5239 vo·
970 5183 1055 5265 tentia
1064 5185 1100 5239 D.
1109 5182 1254 5264 Augustum
1264 5176 1328 5234 huic
1339 5177 1539 5262 locoperquam
1548 5179 1764 5248 accommodata,

109 5255 306 5329 luptuosorum
318 5259 393 5313 Deus
406 5264 463 5314 est.
477 5256 611 5312 iiamdem
622 5270 706 5338 porro
720 5253 844 5325 Apostoli
858 5269 919 5311 sen·
970 5270 1024 5327 qua
1033 5263 1071 5310 art
1083 5271 1090 5308 :
1101 5251 1261 5322 sempliciter
1271 5251 1361 5317 fateor
1371 5250 1500 5304 ehomtota
1508 5253 1603 5332 vestm
1614 5264 1704 5306 eorum
1716 5256 1767 5308 Do·

108 5327 227 5384 tentiam
240 5327 379 5395 illustrat,
392 5336 420 5384 et
440 5327 569 5398 explanat
593 5335 676 5383 otram
695 5324 872 5383 innocentius
890 5325 919 5381 in
970 5329 1043 5381 miso
1056 5329 1109 5382 Dec
1122 5327 1222 5384 mano,
1233 5323 1284 5391 qui
1294 5323 1368 5403 testis
1381 5324 1420 5376 est
1434 5335 1515 5390 sirpe
1529 5335 1650 5403 nuruum
1659 5337 1766 5379 mcum:

109 5396 201 5456 libello
214 5397 372 5455 demiseris
391 5398 557 5461 conditionis
572 5397 741 5455 humanatio
757 5395 830 5452 bunc
853 5410 920 5452 mo·
971 5400 1015 5454 En
1030 5412 1082 5468 quo
1096 5399 1149 5451 Deo
1162 5395 1262 5449 seruire
1276 5407 1351 5462 eoepa,
1367 5407 1420 5461 quo
1434 5390 1512 5446 modo
1521 5390 1633 5472 dssfimle
1646 5407 1704 5448 sum
1715 5409 1767 5448 en-

111 5467 179 5526 dum
193 5489 200 5524 z
221 5471 368 5533 Auaritia,
389 5469 535 5526 secuudum
549 5470 715 5540 Apostolum,
731 5472 770 5523 est
787 5466 920 5522 idolorum
969 5473 1063 5539 pertus
1076 5467 1197 5522 melium
1210 5479 1292 5533 quem
1305 5465 1354 5542 qui
1364 5466 1394 5518 io
1406 5464 1575 5545 monastertio
1582 5466 1766 5547 prosuerunt,

110 5544 240 5606 monitus,
262 5543 328 5612 quin
347 5541 417 5597 siem
435 5541 584 5597 montona
604 5543 687 5596 seuit
698 5539 857 5601 simulacro,
882 5541 920 5594 sie
972 5542 1012 5594 itu
1025 5553 1150 5594 nonaum
1157 5542 1284 5606 expertus
1292 5548 1546 5616 pejoresquumqut
1557 5549 1586 5587 ιιι
1597 5538 1767 5617 monasteriis

109 5613 445 5668 oseomsmuttmuouro.
456 5610 921 5668 Numillccultumidololutriudili·
973 5611 1124 5665 oeciderunt
1140 5609 1201 5663 :itu
1217 5611 1248 5661 ut
1267 5605 1327 5660 bino
1343 5606 1461 5659 arbitrer
1482 5620 1509 5658 ιιι
1523 5604 1688 5686 Apocalypsi
1699 5609 1768 5660 sui-

109 5683 919 5754 pmtmumplmtristeuccreumpeounindtlipmtercumulut.
971 5685 1067 5752 ptum:
1082 5683 1174 5735 iustus
1182 5677 1284 5747 justior
1297 5679 1362 5746 put:
1377 5681 1403 5731 et
1414 5677 1462 5746 qui
1474 5677 1504 5728 iu
1521 5674 1659 5757 sordebus,
1675 5676 1767 5730 sorde-

109 5756 159 5812 ille
179 5771 240 5811 cum
256 5755 331 5808 omisi
345 5753 490 5824 delipmtiu
506 5754 570 5810 colit
589 5755 779 5818 simulacrum:
796 5753 846 5806 iste
861 5767 921 5807 um
973 5751 1128 5807 mutudhue
1142 5749 1331 5824 (repensasti.
1342 5747 1781 5825 HaecAugusttnusthpvstna'tx.

107 5829 185 5883 nmo·
197 5840 265 5884 mro
279 5823 395 5881 custodit
404 5826 572 5881 tlsesnumm.
586 5825 633 5882 ille
642 5840 717 5896 spen
724 5825 801 5895 ponit
810 5823 841 5877 iu
854 5823 918 5878 ido·
1009 5827 1021 5857 ⁸
1044 5821 1183 5882 viaticum
1196 5820 1318 5880 sumitur
1338 5835 1392 5895 pro
1408 5817 1495 5881 coho.
1516 5828 1694 5888 pecuniose.
1708 5826 1802 5879 ihm

220 5914 351 5970 Parvos.
370 5910 475 5969 xiix.
652 5978 661 5989 ,
1198 5938 1201 5943 -
1627 5902 1667 5952 tu
