3824 6164
222 246 288 301 ttlt
762 231 903 289 rutubis
920 228 1074 287 cassiani
1093 225 1340 284 cottartortus.
1813 224 1881 281 tttt

221 366 351 441 quamvis
362 378 421 421 non
441 362 532 420 solum
546 358 716 433 adpraesens
730 357 802 415 bona
818 365 847 414 et
858 356 933 414 utilia
947 356 1019 427 unt,
1032 358 1060 423 Α
1079 349 1261 425 semetipsum
1276 349 1385 419 stabile,
1407 348 1475 407 nibil
1492 344 1680 413 immutabile,
1696 343 1763 403 nibil
1775 344 1882 407 bonum

221 474 318 517 rernm
329 458 411 515 etiam
423 456 528 513 donum
544 454 707 511 aeternitatis
719 452 871 526 acquirant,
890 459 985 508 tamen
998 448 1022 507 si
1075 446 1128 503 nisi
1140 446 1227 503 deitas
1240 445 1313 516 sola,
1328 458 1428 501 omnes
1444 456 1509 499 vero
1521 448 1655 498 creaturae
1669 446 1703 495 ut
1731 438 1882 501 beatimdi-

222 554 321 613 dirinae
346 548 586 622 centemplationis
611 547 718 604 memus
743 544 929 616 conterentur,
962 543 1023 600 vilia
1077 556 1142 597 nem
1165 538 1324 598 eternitatis
1338 539 1380 595 sel
1394 534 1627 595 immutabilitatis
1645 532 1808 599 obtineant,
1826 550 1880 595 nen

221 654 313 719 atque,
324 654 356 703 ut
365 645 402 701 ita
418 643 546 713 dixerim,
560 641 706 699 vendibilia
727 640 922 697 censebuntur.
941 640 975 694 Et
993 646 1024 695 ut
1078 638 1133 696 boc
1146 654 1194 712 pm
1207 653 1287 695 suam
1307 646 1453 706 naturam,
1463 634 1511 693 sed
1524 650 1573 706 per
1590 632 1727 689 creatoris
1745 634 1790 691 sui
1803 634 1880 707 parti

222 740 292 795 banc
312 736 438 796 eamdem
457 738 690 810 comparationem
710 736 793 791 ctiam
818 734 1022 805 seripturarum
1077 732 1242 805 cipationem
1265 740 1293 788 et
1316 731 1430 803 gratiam
1458 733 1681 800 consequuntur,
1709 734 1806 785 tenere
1830 728 1880 787 boe

220 832 369 890 conbrruet
381 831 543 900 auctoritas,
557 845 649 887 nonne
665 829 700 887 de
711 828 845 885 uniuersis
855 842 918 899 quae
929 826 955 897 a}
964 830 1022 883 Deo
1077 827 1207 883 meritum
1220 824 1352 882 bonitatis
1364 820 1479 879 creatori
1490 834 1541 877 suo
1556 818 1667 875 collam
1681 833 1740 876 non
1755 830 1876 893 ροιιιιιιι.

221 934 311 983 croam
331 931 409 992 sunt,
436 922 597 998 generaliter
614 924 755 994 Scriptura
779 920 954 993 pronuntiat,
977 918 1023 975 di·
1381 959 1501 1019 CAPUT
1516 960 1564 1013 lv·

221 1032 285 1075 oens
301 1022 421 1075 :lliccce
434 1021 524 1073 ommia
536 1034 595 1087 quie
608 1017 760 1084 (ecitbrus,
775 1022 852 1071 erum
866 1016 934 1070 dorm
944 1014 1022 1069 ualde

223 1112 327 1179 (dmm.
339 1114 385 1177 r)l
398 1112 434 1165 Et
446 1110 563 1166 iterum:
578 1110 706 1165 l'uieursu
714 1126 774 1180 quar
783 1111 849 1176 fecit
860 1112 939 1170 Deus,
952 1108 1020 1161 dorm

221 1206 251 1258 in
265 1208 382 1272 tempore
399 1217 447 1256 suo
471 1203 562 1269 (beel.
578 1214 677 1256 xxxta
686 1202 713 1270 l?
737 1202 805 1255 llmc
818 1199 900 1271 igitur
914 1214 977 1271 quae
990 1198 1019 1255 iu

219 1295 345 1368 prasenti
363 1309 420 1350 non
433 1294 523 1349 solum
537 1292 610 1350 bona
632 1292 804 1363 simpliciter,
827 1292 1018 1349 verumetiam
1110 1292 1192 1363 Quod
1210 1294 1233 1349 si
1248 1293 1332 1349 etiam
1352 1290 1693 1361 manifestioribusjadbue
1710 1291 1875 1347 testimoniis

219 1404 283 1446 oum
301 1387 488 1445 additamento
508 1385 586 1443 valde
612 1387 682 1442 bona
709 1386 934 1457 pronuntiantur,
957 1395 1022 1443 suut
1073 1385 1154 1459 hujus
1162 1388 1305 1445 mutentiae
1314 1386 1448 1443 rationem
1458 1385 1625 1442 voluerimus
1634 1394 1772 1455 astruere,
1786 1400 1874 1442 nonne

219 1482 291 1538 euim
303 1495 396 1537 resera
407 1481 437 1536 iu
453 1480 506 1535 boc
520 1478 626 1536 mundo
640 1479 879 1536 commorantibus
892 1480 972 1537 nobis
984 1478 1019 1535 ad
1073 1497 1137 1538 cum
1149 1482 1234 1539 multa
1242 1482 1409 1555 pronuntiari
1423 1482 1494 1537 bona
1504 1480 1533 1536 in
1547 1481 1697 1553 Evangelio
1712 1480 1868 1554 legerimus,

219 1590 300 1631 usum
313 1574 387 1643 sitae,
408 1582 456 1630 aut
469 1574 505 1631 ad
521 1572 644 1645 corporis
660 1572 839 1642 medicinam,
853 1573 949 1630 autad
967 1573 1018 1631 ali·
1071 1583 1100 1631 et
1112 1576 1238 1632 arborem
1257 1576 1372 1645 bonam,
1387 1584 1414 1632 et
1428 1574 1590 1632 thesaurum
1599 1574 1721 1641 bonum,
1733 1584 1762 1631 et
1771 1575 1873 1631 bonum

218 1683 302 1741 quam
324 1682 436 1724 causam
462 1668 565 1740 ignotae
587 1666 668 1722 nobis
682 1665 804 1722 utilitatis
820 1666 1014 1734 accommoda,
1072 1667 1213 1725 bominem
1225 1676 1253 1724 et
1265 1666 1371 1724 bonum
1387 1682 1512 1732 seruum,
1524 1666 1645 1739 quianon
1656 1672 1757 1739 potest,
1772 1666 1873 1738 iuquit,

218 1761 259 1818 sel
275 1770 346 1818 uerte
360 1762 389 1817 iu
402 1776 436 1818 eo
449 1760 534 1817 etiam
550 1758 627 1816 valdo
646 1759 736 1825 bona,
757 1758 830 1831 quod
844 1761 952 1828 fuciunt
970 1776 1018 1815 um
1036 1764 1153 1834 Borbor
1172 1764 1239 1819 bonu
1251 1765 1336 1819 mulos
1353 1765 1462 1831 tructus
1482 1763 1579 1829 secere,
1600 1762 1726 1817 etloum
1750 1762 1829 1816 bomo
1841 1762 1874 1819 de

1075 1084 1227 1139 bonitatem
1240 1082 1386 1137 humanum
1396 1080 1624 1150 utquejustitium
1635 1094 1689 1133 nou
1701 1093 1757 1135 esse
1769 1080 1876 1145 donum,

1164 1154 1299 1209 sidicino
1314 1153 1430 1209 multati
1440 1168 1472 1205 oc
1480 1150 1602 1221 justitie
1616 1151 1786 1217 conteratur.

218 1857 367 1911 inimicitia
375 1858 450 1911 Deio
461 1858 585 1911 creatura
593 1855 691 1909 muudi
696 1870 747 1925 per
756 1870 787 1909 eu
799 1871 860 1925 que
868 1856 944 1921 sueto
956 1860 1018 1911 sterit
1073 1856 1138 1911 barro
1149 1856 1275 1912 memoro
1287 1858 1376 1912 cordis
1385 1858 1430 1911 sui
1439 1855 1647 1926 prolertbonar
1656 1862 1693 1921 et,
1705 1858 1792 1924 Euge,
1803 1870 1872 1911 seme

216 1950 351 2005 intellecto
366 1951 532 2021 conspicere,
552 1951 740 2019 sempiterrmm
764 1964 867 2019 quoque
890 1952 1018 2005 uirtutem
1072 1948 1136 2003 boue
1146 1953 1171 2003 et
1182 1948 1270 2017 tidelis
1285 1950 1397 2020 (llottlr.
1414 1962 1468 2016 ιιι,
1489 1962 1545 2015 ιιι,
1559 1961 1608 2017 nv,
1623 1950 1699 2004 Luae
1718 1947 1831 2019 avrrr);
1844 1953 1872 2004 et

213 2045 271 2115 irus,
283 2062 314 2101 ac
328 2046 500 2101 divinitatem
514 2048 610 2112 (Rom.
625 2045 652 2117 ι)
662 2085 671 2113 ,
683 2060 715 2100 er
730 2052 805 2099 tanta
817 2053 927 2115 tamque
939 2044 1016 2101 ordi-
1071 2039 1223 2111 utiquelros
1235 2056 1334 2098 omnes
1351 2039 1504 2097 secundum
1517 2054 1549 2096 se
1567 2038 1658 2095 bonos
1669 2054 1729 2095 esse
1744 2054 1802 2095 non
1822 2036 1871 2095 du-

217 2146 281 2193 nata
292 2138 434 2194 molitione
444 2136 556 2194 fabricae
570 2136 755 2195 mundialiset
771 2136 896 2191 omnium
910 2152 973 2208 quac
988 2136 1015 2192 in
1070 2134 1147 2190 bium
1160 2134 1218 2190 sit:
1241 2134 1263 2191 si
1277 2134 1455 2207 respiciamus
1468 2132 1504 2191 ad
1517 2134 1674 2191 bonitatem
1698 2133 1769 2201 Dei,
1784 2130 1869 2189 nullus

216 2243 248 2285 ea
261 2238 327 2285 aunt
337 2230 520 2295 subsistentia,
535 2227 728 2300 contemplari,
745 2228 805 2283 irasc
817 2236 909 2285 tamen
921 2228 1014 2284 omnia
1069 2242 1166 2285 eorum
1178 2230 1397 2301 pronuntiabitur
1403 2229 1501 2297 bonus,
1511 2227 1623 2285 dicente
1632 2228 1766 2295 Domino,
1776 2230 1867 2285 ⁸,irriso

215 2335 266 2376 uec
279 2321 343 2376 boni
359 2336 460 2378 nornen
474 2319 652 2385 tenebunt,si
669 2319 761 2375 iuturo
773 2320 812 2376 illi
827 2320 928 2376 saeculo
939 2334 1014 2376 com·
1070 2324 1151 2379 bouus
1163 2325 1218 2379 uiri
1229 2324 1300 2379 solus
1310 2328 1380 2381 Deus
1390 2324 1488 2395 (utare
1504 2339 1525 2379 x
1534 2328 1555 2391 ).
1572 2322 1660 2396 Cujus
1672 2323 1777 2379 intuitu
1790 2320 1867 2379 etiarn

90 2412 103 2433 ·
214 2412 1015 2487 parentur,ubibonorumnullaimmutatio,nullaeatverar
1066 2418 1118 2490 ipsi
1132 2419 1260 2489 apostoli,
1275 2419 1321 2490 qui
1341 2418 1482 2476 electionis
1495 2418 1598 2475 merito
1619 2418 1769 2475 bonitatem
1787 2428 1866 2489 gene·

192 2498 195 2503 ’
214 2504 390 2563 beatitudinis
398 2505 570 2564 formidanda
580 2506 728 2579 corruptio.
736 2506 820 2578 Cuius
827 2506 921 2562 mundi
931 2507 1014 2564 besti·
1068 2513 1106 2569 ris
1119 2513 1232 2570 humani
1248 2513 1341 2570 multis
1355 2521 1526 2570 excesserant
1549 2514 1659 2583 modis,
1676 2514 1742 2569 mali
1755 2526 1814 2569 esse
1827 2508 1867 2567 tli-

213 2598 955 2665 tudoitadescribitur:Erillualuuoeaieutlucsolu,et
965 2602 1014 2657 lua
1067 2614 1177 2678 cuntur,
1191 2606 1313 2664 Domino
1328 2608 1365 2663 ita
1375 2607 1409 2663 ad
1418 2622 1467 2664 eos
1483 2607 1613 2679 loquente
1628 2609 1680 2665 :Si
1688 2620 1866 2677 emeruerunt

213 2691 500 2763 solisseptempliciter,
510 2696 1012 2769 sicutlurseptemdierum(lsuioerrr).
1066 2704 1127 2757 sitis
1136 2703 1213 2777 moli,
1227 2704 1310 2757 mstis
1326 2702 1394 2757 dono
1407 2702 1630 2771 dotadurertlria
1640 2704 1754 2768 rustris,
1770 2702 1865 2771 quomo

214 2786 316 2859 blagna
329 2786 412 2859 igitur
422 2786 481 2845 hmo
495 2795 522 2844 et
536 2789 666 2860 praeclara
676 2788 776 2845 intuitu
791 2798 873 2863 atque
884 2790 1013 2859 mirifica,
1066 2798 1155 2866 magis
1169 2800 1249 2853 Pater
1258 2802 1344 2851 uester
1355 2798 1405 2867 qui
1417 2798 1446 2850 iu
1456 2796 1526 2851 colu
1537 2800 1583 2859 est,
1595 2796 1782 2850 aeditumum
1791 2794 1866 2863 spire
1886 2816 1894 2835 .

212 2880 345 2937 siluturis
359 2895 392 2963 ex
406 2879 461 2939 bde
473 2882 727 2955 repromissionibus
740 2884 927 2953 conterantur,
943 2900 1012 2939 con·
1067 2893 1124 2942 tum
1133 2890 1285 2957 prioratibus
1298 2904 1327 2943 se
1337 2890 1444 2959 (blattis.
1457 2891 1534 2957 vrr)l
1547 2886 1672 2959 Denique
1680 2878 1781 2955 sicut?
1791 2884 1865 2941 boni-

213 2972 293 3029 tlnuo
313 2974 417 3030 sanitas
439 2975 619 3047 apparebunt,
639 2976 746 3032 dicente
771 2976 859 3031 David
885 2998 892 3033 ε
915 2978 1012 3034 Omm'o
1066 2988 1350 3053 tasnostrasupernm
1364 2982 1648 3039 bonitatisintuitu'in
1661 2980 1798 3037 malitiam
1807 2994 1863 3037 rer-

212 3066 282 3121 sieut
292 3070 476 3122 vestimmtum
488 3072 659 3130 veterascent.
670 3072 696 3124 et
706 3072 775 3125 sieut
783 3072 947 3141 opertorium
957 3089 1012 3128 mu·
1065 3077 1142 3145 titur,
1158 3075 1195 3132 ita
1208 3076 1289 3132 etiam
1300 3077 1404 3149 justitia
1418 3084 1511 3135 nostra
1520 3075 1630 3145 divinar,
1643 3076 1744 3133 collata
1756 3074 1862 3148 justitie

212 3158 284 3211 tubis
292 3174 344 3223 eos,
355 3162 582 3229 etmutubuutrrr3
593 3164 795 3219 tuoutemidem
807 3154 1049 3236 ipseseetunmd
1065 3186 1157 3242 panno
1173 3180 1351 3228 menstruatas
1373 3171 1471 3228 similis
1488 3170 1647 3242 depretatur,
1667 3168 1775 3225 dicente
1797 3166 1861 3223 leuis

212 3254 256 3306 tui
272 3268 326 3308 uon
341 3254 463 3325 deficient
479 3258 538 3323 (Pe.
550 3271 581 3313 cr
593 3257 613 3329 ).
641 3260 714 3331 Ergo
735 3259 801 3331 quia
818 3260 884 3316 nibil
901 3270 944 3317 est
966 3278 1015 3335 ptr
1068 3264 1202 3337 propbeta
1214 3285 1219 3320 :
1232 3260 1861 3337 ”Siuetpmmusmemtruutmuuirersrejusti·

752 3385 880 3443 rutubi
900 3388 1016 3443 GAZAEl
1036 3389 1316 3447 COMMENTARIUS.

246 3504 258 3532 ⁸
282 3502 333 3555 Per
351 3506 477 3583 naturum
497 3500 613 3582 scilicet,
637 3513 669 3585 ut
691 3510 815 3588 superius
836 3509 942 3568 dietum
966 3522 1009 3569 est
1062 3515 1164 3572 moniis
1183 3515 1312 3584 ludaicis,
1330 3516 1357 3572 iu
1375 3513 1673 3589 quibusconlldebant,
1689 3526 1759 3584 quas
1771 3526 1787 3567 e
1799 3524 1857 3567 eon·

211 3568 296 3650 (dap.
310 3574 354 3637 3).
367 3571 439 3626 Nam
457 3586 543 3653 rpsrus
553 3582 668 3629 essentia
683 3586 724 3631 est
737 3579 872 3647 ipsissima
889 3581 1007 3639 bonitas.
1062 3586 1147 3643 trario
1169 3586 1233 3643 dicit
1258 3587 1389 3660 propheta
1414 3585 1519 3644 similes
1539 3602 1603 3643 esse
1623 3599 1716 3658 panno
1740 3580 1856 3638 mulieris

209 3638 269 3719 illia
283 3646 374 3696 autem
395 3656 518 3698 omnraa
540 3647 599 3727 Deo
613 3645 686 3727 bona
704 3657 768 3703 sunt
786 3664 834 3723 per
881 3652 1008 3735 articipa-
1062 3666 1250 3723 menstruatae,
1279 3674 1334 3730 quo
1361 3656 1427 3713 nillil
1451 3658 1628 3721 immundius,
1655 3672 1689 3713 eo
1712 3652 1790 3727 quod
1809 3666 1856 3707 ⁰⁰¹¹

209 3716 325 3779 tionem,
344 3720 375 3767 ut
389 3711 469 3768 docet
489 3714 523 3770 B.
537 3717 686 3788 Dionysius
706 3666 892 3803 Areopagqfe
913 3724 1003 3779 Dium.
1058 3736 1132 3784 reeta
1154 3728 1323 3791 intentione,
1348 3743 1398 3785 nec
1418 3729 1490 3785 sicut
1502 3728 1654 3800 oportebat,
1680 3726 1719 3781 ab
1739 3724 1798 3780 illis
1819 3722 1855 3778 lic

207 3781 290 3837 llom.
310 3797 371 3865 cap.
385 3789 403 3867 .⁴
419 3804 426 3840 :
441 3787 512 3844 Num
525 3789 757 3859 quemadmodum,
780 3800 877 3863 roqurt,
896 3796 936 3849 sol
955 3798 1005 3852 iste
1057 3807 1133 3865 rent,
1147 3799 1220 3855 unde
1231 3808 1258 3854 et
1271 3801 1350 3855 lsaiae
1359 3799 1429 3855 dicit
1440 3800 1573 3857 Dominus
1585 3800 1642 3853 :ilie
1653 3796 1779 3863 offemrtr's
1789 3794 1855 3848 ultm

209 3867 261 3935 mou
281 3859 446 3938 cogitateque,
469 3862 518 3912 uut
539 3860 671 3925 electione,
691 3862 738 3915 sed
752 3878 780 3915 eo
801 3864 859 3933 ipso
873 3866 946 3933 quod
966 3871 1005 3922 est
1057 3866 1807 3939 sucrificiumfruelrmiueeusumabominmioestmilri.
1819 3866 1855 3921 Ca·

207 3924 346 4004 illuminet
358 3940 458 4006 omarus,
478 3942 538 4007 quer
550 3944 600 3997 pro
612 3930 689 3983 modo
702 3946 752 3985 suo
762 3936 1004 4003 participationem
1057 3939 1149 3996 leudos
1159 3945 1261 3997 uestras
1270 3946 1295 3997 et
1301 3942 1483 3999 solemnitates
1489 3948 1588 3998 uestros
1596 3938 1684 3995 odisti
1692 3940 1853 3992 auimatum.

209 3992 276 4047 lucre
290 3994 454 4062 uermerium,-
477 4002 515 4051 ttu
531 4003 557 4052 ct
570 4014 704 4054 surumum
724 4003 793 4057 illud
814 4005 911 4060 borium
924 4009 1004 4063 solem
1058 4012 1099 4066 Er
1113 4010 1155 4067 bis
1186 4014 1514 4084 atetquamnousolum
1535 4010 1632 4083 impie,
1654 4008 1748 4065 sedet
1772 4008 1852 4077 inepte

207 4078 338 4134 superaus
352 4068 420 4134 (uou
433 4082 506 4152 semus
523 4084 553 4123 uc
565 4071 686 4125 obtusum
703 4074 848 4143 imaginem
867 4079 1005 4145 primitiva
1058 4097 1091 4137 or
1106 4081 1158 4137 hoo
1169 4028 1233 4140 foco
1247 4084 1376 4157 colligant
1391 4084 1543 4141 Lutberani
1557 4098 1642 4139 omne
1655 4096 1726 4153 opus
1741 4073 1852 4134 bominis

207 4136 350 4191 sucelleute
368 4139 477 4220 formul
494 4155 554 4211 ipsu
567 4156 617 4196 suo
630 4144 784 4199 substantia
802 4148 924 4203 omuibus
946 4166 1006 4220 quur
1058 4152 1216 4221 Christiani,
1231 4156 1313 4210 etiarn
1329 4156 1409 4227 justi,
1431 4170 1491 4211 esse
1504 4161 1660 4227 peccalum·
1677 4150 1758 4221 ΟΜ
1778 4147 1851 4205 ⁸¹²¹i'

205 4212 278 4270 euut,
286 4215 421 4291 promptu
431 4226 569 4280 cuiusque,
581 4216 662 4269 totius
672 4215 1004 4288 dorritutisirrjicitrmlios.
1058 4224 1168 4295 quando
1179 4225 1260 4281 verba
1273 4226 1319 4281 illa
1331 4242 1380 4309 per
1388 4226 1679 4284 accommodationem
1694 4222 1728 4279 de
1738 4220 1813 4276 ‘ustis
1826 4224 1851 4273 tt

205 4279 244 4334 lta
258 4280 417 4352 Dionysius.
433 4280 503 4337 Vide
523 4282 560 4337 ibi
580 4282 712 4357 insignem
726 4289 954 4345 commentarium
968 4295 1004 4348 D.
1058 4296 1296 4378 eorumoperibus
1315 4296 1456 4367 dicuntur,
1471 4313 1528 4353 non
1552 4298 1591 4353 ita
1605 4294 1690 4367 accipi
1743 4296 1848 4353 asunli

204 4348 320 4404 Tbomae
335 4351 490 4419 aquinatis.
1059 4366 1135 4435 quasi
1157 4381 1249 4423 omma
1262 4382 1345 4438 opera
1356 4368 1493 4441 justorum
1510 4368 1569 4425 sint
1581 4364 1735 4431 immunda,
1754 4370 1781 4417 et
1793 4374 1849 4431 pet·

239 4408 347 4503 {Dure
359 4420 387 4499 id
396 4420 510 4485 dictum,
521 4432 549 4479 et
563 4440 647 4507 grano
657 4427 722 4483 salis
733 4429 928 4487 condiendum.
940 4434 1002 4489 Non
1060 4444 1133 4503 cata,
1146 4444 1177 4492 ut
1192 4438 1235 4494 isti
1250 4438 1403 4496 blateronee
1418 4440 1523 4504 solunt,
1539 4440 1589 4496 sed
1607 4439 1648 4495 rel
1668 4452 1701 4493 er
1712 4444 1847 4505 compart-

204 4503 276 4571 enrm
290 4490 390 4546 desrnrt
402 4506 462 4547 esse
473 4507 534 4573 vera
550 4494 676 4577 bonitas,
690 4506 718 4553 et
728 4499 834 4571 justitia
846 4503 874 4558 in
890 4502 1002 4560 homine
1055 4506 1129 4563 tione
1142 4508 1177 4565 ad
1191 4508 1310 4565 divinam
1320 4510 1469 4582 justitiam,
1483 4510 1528 4567 cui
1543 4510 1663 4567 bumana
1677 4506 1781 4580 iustitia
1794 4502 1847 4557 col-

200 4568 288 4632 Justo,
309 4569 337 4618 et
357 4562 444 4618 multo
467 4578 560 4621 mmus
579 4582 606 4621 ιιι
629 4568 763 4649 malitiam
785 4574 960 4641 convertitur,
977 4574 1000 4631 si
1054 4576 1119 4642 lata,
1135 4595 1225 4649 panno
1237 4590 1414 4640 menstruatae
1431 4581 1530 4639 similis
1541 4582 1698 4655 deputatur,
1713 4584 1744 4633 ut
1754 4575 1796 4630 bie
1804 4586 1846 4627 es·

202 4646 267 4689 eum
286 4635 345 4691 Deo
365 4632 539 4704 conlemtur3
553 4636 602 4693 sed
624 4654 689 4719 qura
712 4648 785 4697 tanta
800 4651 841 4698 est
854 4645 958 4714 puritas
973 4653 1001 4701 et
1054 4648 1177 4720 ponitur3
1192 4651 1233 4705 vel
1247 4652 1311 4721 quia
1325 4652 1403 4709 bonis
1416 4652 1549 4725 operibus
1568 4652 1717 4709 miscentur
1734 4640 1847 4699 subinde

202 4703 357 4763 sublimitas
378 4705 508 4763 bonitatis
525 4716 554 4763 et
568 4708 686 4836 gustrtiae
711 4712 828 4781 divium,
857 4723 888 4771 ut
911 4716 1000 4773 omnis
1053 4720 1275 4792 operaquaedam
1289 4724 1376 4791 mala,
1389 4732 1417 4780 et
1431 4725 1510 4781 multi
1526 4722 1656 4785 desertus,
1669 4714 1846 4794 etnrdfissffli·

198 4770 342 4859 bominum
354 4786 383 4859 et
393 4776 558 4860 eugelorum
587 4782 675 4837 onitas
687 4790 713 4837 et
724 4783 830 4854 justitia
844 4785 867 4840 ei
882 4802 996 4857 compa·
1053 4789 1096 4847 tiae
1117 4791 1315 4862 interveniunt,
1333 4810 1395 4878 quae
1416 4804 1480 4852 sunt
1501 4802 1609 4869 peecata
1624 4790 1694 4847 lesia
1713 4795 1744 4843 ei
1757 4792 1845 4857 timu·

198 4854 258 4901 rata
284 4863 312 4903 ιιι
325 4856 417 4931 ustura
446 4858 552 4931 potrus,
578 4860 606 4907 et
627 4853 730 4909 malitia
758 4855 890 4913 rideatur.
920 4827 1035 4915 SicutD
1051 4860 1146 4931 diana,
1171 4879 1234 4937 quae
1258 4865 1320 4921 licet
1337 4866 1450 4939 justitiae
1474 4867 1586 4923 laudem
1603 4871 1631 4921 et
1644 4858 1776 4919 meritum
1793 4870 1844 4911 ⁰⁰¹¹

198 4917 283 4995 stellae
294 4934 309 4973 c
319 4934 451 4977 urrssrmm
464 4930 528 4978 sunt
542 4938 570 4978 ru
584 4938 627 4991 se,
643 4933 734 4981 tamen
751 4942 844 4983 coram
856 4929 914 4984 sole
926 4945 996 4986 eon·
1051 4933 1163 5002 tollant;
1186 4936 1313 4991 minuunt
1326 4946 1436 5005 mosen,
1449 4947 1478 4994 et
1489 4937 1616 4994 nonnihil
1637 4928 1843 4992 commaculant.

199 4990 278 5039 trnuo
299 4990 500 5046 tenebrescunt.
522 4996 555 5048 Et
575 4992 684 5077 lroe'est
697 4997 771 5067 quod
792 5000 934 5057 Psalmlsta
956 5001 997 5057 ait
1050 5012 1075 5057 at
1097 5022 1130 5063 ue
1144 5005 1180 5061 ita
1203 5006 1373 5077 aliquatenus
1387 5025 1477 5081 panno
1492 5014 1674 5065 menstruatas
1687 5000 1842 5061 assimilati·

199 5056 328 5141 (Peulm
341 5065 446 5129 cautu)
466 5080 472 5115 :
497 5066 556 5119 Nou
566 5070 736 5135 prestrfirutur
756 5072 785 5124 iu
797 5076 937 5141 compertu
951 5077 997 5128 tuo
1050 5021 1229 5133 Beirarmtnus
1242 5078 1275 5135 ad
1289 5088 1481 5151 argumentum
1497 5079 1690 5137 hereticorum
1702 5090 1732 5131 er
1750 5068 1845 5125 todem

198 5142 284 5185 murres
298 5146 404 5213 serens}
412 5139 440 5188 et
448 5131 512 5215 lob.
526 5150 585 5205 sap.
603 5150 635 5192 ιιι
650 5158 656 5193 :
672 5139 737 5195 l'ere
748 5144 801 5195 erio
813 5142 886 5211 quod
897 5146 935 5197 itu
947 5145 994 5208 sit,
1049 5145 1111 5202 loeo
1122 5148 1271 5219 objectum,
1279 5152 1427 5222 respondet
1439 5152 1468 5207 ln
1480 5152 1554 5207 leuno
1563 5150 1679 5207 modum
1691 5142 1764 5215 (Lib-
1776 5154 1802 5195 ¹¹
1812 5138 1844 5193 de

199 5204 225 5256 et
239 5202 313 5285 quod¹
324 5218 377 5284 riou
386 5206 582 5286 iustificabitur·
595 5208 671 5265 domo
688 5215 847 5281 corapositus
860 5216 922 5267 Deo.
1048 5218 1184 5273 batuelis
1195 5236 1254 5289 cap.
1268 5226 1315 5288 13)
1330 5242 1336 5277 :
1357 5224 1402 5279 Act
1419 5224 1529 5279 tertium
1539 5222 1601 5278 dieo
1616 5236 1673 5277 cum
1684 5218 1843 5281 uterentur]

234 5274 329 5329 ⁰Satrs
343 5289 495 5359 improprie
509 5280 702 5359 accommodat
713 5296 764 5337 suo
778 5282 918 5363 proposito
936 5282 995 5343 lime
1048 5290 1157 5358 liutem,
1174 5292 1333 5361 proplietam
1355 5294 1433 5363 loqui
1446 5296 1475 5347 in
1492 5309 1612 5363 persono
1629 5290 1843 5363 gratissimorum

197 5342 280 5424 rerba
298 5346 385 5401 lsarae.
405 5350 467 5428 lton
492 5363 564 5404 eninr
583 5350 705 5421 loquitur
723 5352 806 5407 lsaias
825 5369 852 5407 m
864 5370 924 5423 sua,
946 5357 994 5413 sed
1044 5366 1227 5428 peecatorum,
1243 5366 1386 5435 quisiquu
1400 5380 1480 5435 opem
1498 5366 1568 5419 douo
1586 5364 1741 5431 smmum,
1755 5356 1843 5413 Sitifim

196 5430 226 5470 ιιι
240 5430 355 5497 persona
368 5419 473 5499 populi,
494 5435 544 5476 nec
558 5419 592 5476 de
605 5422 733 5492 operibus
745 5422 900 5507 iustorum,
921 5442 993 5497 prae-
1047 5432 1194 5495 morulitrr,
1205 5428 1843 5505 eoinquirenduntudmrlctiouemultommrcrime}

196 5493 291 5541 serum
310 5488 547 5559 Clrrrstranorum;
569 5491 617 5548 sed
637 5492 671 5549 de
695 5496 825 5565 operibus
844 5498 993 5569 impiorum
1046 5516 1109 5556 rreum
1128 5521 1136 5557 ε
1152 5518 1197 5559 uos
1209 5508 1299 5560 eutem
1317 5523 1369 5562 nou
1391 5507 1424 5562 dc
1439 5506 1637 5577 peccatoribus,
1657 5504 1705 5561 sed
1718 5504 1753 5559 de
1766 5502 1844 5570 J'tttbr'

197 5552 366 5627 Judaeorum,
382 5569 412 5641 ut
429 5568 502 5631 patet
517 5578 549 5617 es
564 5572 656 5643 testu,
679 5582 729 5621 nec
743 5564 777 5623 de
791 5568 931 5639 quibusvis
942 5586 992 5627 eo·
1046 5572 1191 5643 loquimur,
1204 5591 1262 5631 cum
1276 5578 1389 5633 dicimus
1407 5579 1524 5633 bernium
1541 5594 1622 5648 posse·
1641 5579 1844 5647 reposueruut

198 5623 325 5681 rumdam
340 5630 483 5711 operibus,
501 5650 578 5715 quasi
593 5635 684 5718 omnia
697 5647 789 5721 essent
802 5648 927 5721 peccata,
943 5641 991 5697 sed
1046 5644 1322 5718 (etsieessejustos).
1332 5650 1576 5719 etctiumumplius
1585 5650 1843 5717 fuceremreetumrr
1892 5675 1894 5688 ·

194 5700 301 5750 tantum
316 5695 381 5753 deo
416 5702 492 5783 ribus
512 5705 567 5785 rllrs
586 5721 648 5777 qute
675 5724 729 5790 sper.
742 5718 860 5779 justitias
878 5720 989 5782 reputa·
1043 5716 1721 5791 mtmitumuromitumerapeeemom'sueeessurio
1730 5726 1844 5785 ΜΡΝ*

193 5763 278 5822 baut:
294 5776 361 5839 puta
393 5772 574 5843 esaorrlieua,
593 5791 763 5847 neomeniis,
778 5780 892 5851 aliisque
904 5796 990 5839 carre·
1043 5791 1114 5846 urta.
1138 5790 1208 5847 Num
1231 5790 1319 5847 isaim
1342 5808 1394 5847 nore
1414 5796 1551 5863 commas
1574 5806 1661 5865 opera
1677 5794 1843 5863 perculeritl
