3848 6158
143 341 199 395 493
521 342 690 402 collario
709 348 729 401 l.
749 375 785 390 -
803 348 848 404 DE
867 348 1021 407 nonnulli
1041 351 1251 412 lNTENTlONE
1269 354 1313 412 AC
1332 357 1423 413 FINE.
1597 415 1599 418 ,
1747 372 1799 425 itt

143 462 285 521 auferetur
295 462 330 519 ab
344 477 387 519 ea.
403 466 438 520 Et
452 465 506 522 hoc
522 465 677 539 diligentius
695 469 856 529 intuendum
877 483 920 531 est
936 493 943 530 ι
957 480 985 544 Α
1302 480 1425 540 CAPUT
1443 484 1482 540 X.
1560 500 1564 509 ·

142 560 216 615 Nam
230 573 293 614 cum
304 557 382 627 dixit,
393 561 481 617 Maria
495 562 594 618 lionam
608 571 711 635 partem
724 565 820 639 elegit,
833 568 896 625 lieet
906 578 946 626 ta-

133 659 203 709 'oeat
222 650 258 708 de
270 651 395 720 Martha,
408 662 436 711 et
458 669 631 728 nequaquam
651 673 714 716 eam
735 659 890 734 vituperare
907 663 944 718 vi·

142 744 255 815 deatur;
268 745 343 802 illam
357 753 449 804 tamen
465 747 588 820 laudans,
602 755 615 785 ¹
630 751 701 810 banc
713 754 870 813 inferiorem
889 772 947 814 esse

140 840 311 914 pronuntiat.
327 843 452 898 Rursum
474 859 541 900 cum
559 843 642 917 dicit,
655 863 716 919 quaa
734 864 791 906 non
809 850 948 908 auferetur
1035 827 1144 901 M⁰Y⁸⁰⁸
1162 848 1168 884 ²
1184 830 1241 885 Nec
1257 844 1307 902 ‘³8⁰
1327 830 1383 888 dm
1399 833 1555 892 m⁰¹⁰⁰d⁸¹¹¹
1569 834 1633 894 Μ
1653 838 1741 910 ⁰P⁹fi⁸
1753 855 1801 897 ³¹¹·

141 933 178 993 ab
191 949 236 1006 ω,
258 934 379 993 ostendi,
392 936 468 1010 quod
490 938 525 996 ab
546 938 598 997 hae
616 956 665 998 ,ua
686 943 775 1014 pomo
796 945 882 1017 possit
902 962 946 1002 au,
1000 919 1153 994 ferendam,
1163 921 1269 980 dicente
1282 923 1381 982 eodem
1392 929 1525 998 Domino,
1533 931 1686 1001 Quipotuiii
1696 935 1803 992 dederit

141 1027 208 1088 fm-
223 1045 295 1088 ,Μ
306 1031 381 1089 enim
396 1030 579 1091 ministerium
601 1037 744 1108 corporale
759 1052 823 1094 cum
834 1037 947 1097 homine
1000 1019 1090 1072 unice
1104 1018 1294 1074 minimisistis
1305 1019 1500 1091 salomeque
1514 1024 1629 1093 smqidce
1652 1031 1758 1085 tuntum
1772 1033 1801 1088 ia

143 1123 243 1197 poterit
254 1124 355 1199 jugiter
368 1141 532 1199 permanere
552 1127 624 1185 illius
645 1145 709 1188 vero
736 1131 858 1190 studium
869 1133 946 1192 nullo
999 1112 1106 1166 nemim
1115 1112 1259 1183 discipuli,
1274 1129 1351 1169 “⁷¹²²'‘
1362 1115 1514 1180 ἅῑῡθυθῧῑιι
1530 1121 1689 1189 comperdit
1702 1139 1801 1182 merce·

143 1215 198 1276 linc
211 1234 325 1292 prorsus
339 1220 435 1279 admei
452 1236 532 1294 posse
544 1222 624 1279 finiri,
1000 1204 1060 1262 dem
1072 1220 1151 1262 suam
1166 1208 1331 1277 (diadar).
1346 1207 1418 1266 csed
1431 1209 1570 1268 actionem
1581 1211 1653 1282 dico,
1667 1229 1750 1286 quam
1759 1218 1800 1274 vel

156 1304 159 1308 '
448 1315 570 1371 CAPUT
590 1318 642 1372 px,
1000 1300 1148 1358 necessitas
1165 1300 1329 1373 corporalis,
1359 1303 1400 1359 vel
1426 1302 1593 1377 impugnatio
1621 1307 1725 1378 carnis,
1752 1323 1801 1367 seu

143 1407 331 1478 mwapo,
342 1409 472 1479 quomod„
488 1411 619 1465 virtutum
630 1412 779 1478 sunm-,ms
793 1429 852 1471 cum
861 1417 949 1473 gomi,
999 1395 1097 1452 mundi
1109 1394 1190 1468 hujus
1204 1394 1371 1468 inequalitas
1382 1396 1567 1456 administrari
1574 1399 1667 1474 exigit,
1676 1399 1802 1460 auteren-

376 1482 455 1536 uibus
474 1497 525 1537 iioii
537 1489 713 1552 peiseeecent.
999 1487 1073 1546 dam.
1087 1492 1159 1547 Nam
1172 1489 1297 1548 lectionis
1310 1491 1435 1549 imtantia
1445 1493 1487 1550 vel
1496 1493 1663 1566 jejuniorum
1675 1495 1800 1567 afflictio,

178 1565 377 1629 bGermanus:
392 1570 438 1629 Ad
454 1572 528 1644 quod
551 1589 607 1630 non
621 1573 699 1631 valde
725 1579 861 1649 permoti,
879 1579 946 1653 quid
999 1581 1034 1640 ad
1048 1583 1269 1643 emundationem
1284 1585 1374 1644 cordis
1387 1594 1415 1644 et
1427 1588 1635 1661 castigationem
1647 1591 1751 1661 carnis,
1773 1593 1801 1649 in

144 1680 219 1739 ergo,
235 1666 363 1736 diximus,
378 1666 639 1740 laborjcjuniorum‚
660 1669 784 1728 lectionis
800 1673 944 1742 instantia,
1000 1678 1127 1750 praesenti
1140 1679 1334 1737 tantummodo
1349 1681 1451 1739 utiliter
1465 1693 1635 1756 exercentur,
1649 1685 1736 1743 donec
1755 1702 1800 1743 cii·

145 1775 226 1834 opera
239 1759 445 1829 misericordiae,
452 1760 582 1834 justitiae,
598 1761 714 1834 pietatis,
726 1773 755 1820 et
770 1764 946 1824 humanitatis
1001 1785 1032 1826 ro
1039 1773 1197 1842 concupiscit
1209 1773 1337 1831 adversus
1344 1777 1472 1847 spiritum
1480 1779 1584 1845 (dolet.
1594 1778 1650 1849 v);
1661 1794 1722 1852 quaa
1734 1796 1801 1837 uon·

144 1852 327 1919 auferentura
341 1853 433 1923 nobis,
446 1861 473 1911 et
487 1870 544 1911 non
561 1856 759 1927 permanebunt
776 1874 839 1915 cum
850 1868 945 1918 aucto·
959 1887 988 1951 B.
1000 1879 1153 1936 numquam
1174 1866 1209 1923 ab
1223 1866 1266 1924 liis
1288 1869 1334 1942 qui
1348 1868 1440 1928 labore
1451 1872 1540 1928 nimio
1547 1911 1556 1942 ,
1578 1887 1627 1929 seu
1640 1874 1801 1946 egritudine

145 1947 223 2006 ribus
236 1948 310 2007 suis?
323 1948 481 2008 presertim
494 1964 558 2006 cum
571 1950 629 2023 ipse
643 1951 776 2009 Dominus
787 1953 945 2013 retributio·
999 1959 1131 2032 corporis‚
1146 1960 1255 2018 seniove
1269 1960 1369 2020 defessi
1383 1970 1459 2033 suut,
1473 1965 1557 2021 etiam
1571 1965 1598 2021 in
1617 1969 1745 2039 praeseuti
1762 1969 1800 2025 ri·

144 2057 210 2100 uem
226 2042 304 2116 regni
324 2043 460 2100 coelorum
480 2043 523 2100 liis
549 2043 678 2117 operibus
700 2049 886 2120 repromittat,
903 2049 946 2107 di·
998 2051 1098 2111 demus
1111 2053 1280 2126 auferri,nec
1293 2056 1328 2112 ab
1338 2056 1451 2115 bomine
1463 2073 1542 2130 posse
1552 2058 1656 2131 jugiter
1668 2062 1798 2119 exerceri.

145 2139 349 2203 cemavenite,
362 2138 491 2195 benedicti
503 2141 595 2195 Putris
608 2142 669 2203 mei,
684 2142 816 2211 possidete
836 2159 945 2215 reguum
1000 2147 1110 2220 Quanto
1131 2149 1220 2222 magis
1231 2165 1297 2224 ergo
1315 2151 1375 2209 haec
1397 2151 1427 2207 iu
1450 2150 1542 2209 loturo
1561 2153 1720 2224 cessabunt,
1735 2169 1799 2211 cum
1891 2142 1893 2146 ’

148 2231 224 2287 uobis
236 2235 368 2302 puratum
382 2247 400 2287 a
415 2234 599 2289 constitutione
619 2234 716 2289 mundi·
724 2253 732 2290 :
745 2238 857 2293 Esurim
874 2241 945 2295 sitim
998 2242 1173 2316 corruptibile
1186 2243 1239 2301 hoc
1257 2243 1375 2303 induerit
1385 2245 1637 2321 incorruptionem,
1647 2262 1801 2321 corpusque

148 2328 175 2381 et
189 2324 301 2381 dedistis
318 2327 386 2382 mibi
401 2327 578 2384 euirducerc:
598 2330 693 2400 sitici,
709 2335 734 2385 et
751 2331 863 2388 dedistis
879 2335 948 2389 mibi
998 2333 1072 2393 istud
1085 2337 1160 2409 quod
1172 2352 1246 2394 nuno
1258 2337 1374 2395 animale
1388 2345 1445 2410 est,
1460 2340 1609 2398 surrexerit
1628 2340 1761 2415 spiritale,
1774 2351 1802 2398 et

146 2420 246 2486 bibere,
257 2428 315 2479 ete.
334 2423 449 2491 (Metili.
465 2426 553 2493 xxv).
570 2422 717 2498 Quomodo
735 2439 800 2499 ergo
820 2426 946 2486 auteren-
999 2431 1113 2504 coeperit
1123 2447 1188 2491 caro
1199 2435 1324 2492 nonmse
1336 2433 1395 2507 jam
1409 2435 1472 2494 talis
1485 2444 1517 2492 ut
1530 2434 1660 2494 adversus
1672 2436 1801 2509 spiritum

139 2522 191 2573 tur
209 2515 271 2574 baee
292 2531 355 2590 quta
369 2515 549 2576 introducunt
569 2516 684 2578 factores
702 2533 767 2580 suos
784 2520 813 2578 in
831 2537 948 2596 regnum
1001 2525 1187 2598 concupiscat!
1204 2531 1246 2584 Dc
1261 2527 1361 2601 quibus
1374 2528 1456 2586 etiam
1469 2528 1566 2587 beatus
1579 2530 1731 2602 Apostolus
1744 2546 1803 2588 ma·

140 2610 303 2669 emiorum?
1002 2617 1100 2677 nileste
1115 2621 1282 2691 pronuntiat.
1298 2609 1486 2694 “deponatis
1499 2622 1638 2694 inquiens,
1647 2625 1804 2681 cumuletis

691 2755 817 2812 stiunt
836 2745 947 2814 sanni
967 2757 1254 2817 conunrvxxnius.

1000 610 1152 681 Responsio,
1169 611 1241 680 quod
1252 627 1303 669 non
1314 615 1352 669 sit
1370 631 1463 672 cerum
1475 631 1586 684 meroes,
1599 620 1646 676 sed
1660 623 1729 679 ectio
1742 637 1799 680 ces·

1344 699 1447 750 sutura.

178 2880 241 2936 ⁸D.
255 2876 405 2952 Gregorius
418 2890 452 2961 vt
465 2876 561 2933 bloral.
575 2893 634 2962 cap.
650 2884 685 2936 ιιι
696 2883 837 2945 :Martium
847 2882 944 2955 inquit,
999 2883 1073 2940 nulla
1094 2884 1286 2954 proximorum
1319 2880 1474 2965 indigentia.
1491 2887 1579 3012 Ρὲιῦιῖιο
1596 2883 1678 2942 bu‘us
1699 2884 1752 2941 loci
1763 2899 1805 2942 ao-

129 2966 210 3007 curo
225 2966 279 3007 uon
296 2948 511 3020 reprelienditur3
526 2950 621 3015 Morio
638 2967 699 3007 ciero
714 2955 862 3008 laudatur:
880 2957 945 3024 quio
999 2954 1119 3010 curatior
1139 2962 1166 3010 et
1184 2969 1246 3010 vore
1265 2952 1418 3027 theologica
1437 2954 1506 3026 cipli
1554 2971 1620 3012 ioa
1663 2954 1803 3012 .Thoma

128 3038 246 3092 meoque
260 3026 322 3078 suut
330 3022 492 3076 octiooeuitoe
505 3023 611 3083 merito,
621 3023 668 3078 sed
676 3027 890 3094 contemplativis
901 3041 946 3096 po
999 3026 1112 3096 petenda
1125 3032 1176 3091 est,
1189 3030 1247 3093 2-2,
1261 3041 1289 3097 q.
1303 3030 1365 3093 181,
1378 3042 1405 3082 a.
1424 3031 1451 3096 4,
1466 3025 1513 3082 ubi
1527 3026 1626 3097 quaerit
1638 3029 1731 3082 ulrum
1748 3029 1805 3081 trito

133 3098 233 3162 tibru3
246 3110 292 3150 uec
304 3095 411 3160 ausuri
422 3107 552 3162 umquem
567 3095 660 3148 meme
677 3111 743 3164 pars
757 3097 869 3162 ituatur,
885 3099 950 3165 quio
1004 3099 1091 3151 ocimo
1115 3100 1220 3152 moiieot
1232 3101 1294 3167 post
1317 3098 1385 3152 bane
1397 3098 1493 3160 uitem,
1516 3105 1544 3154 et
1557 3096 1702 3169 respondet
1716 3096 1802 3153 vitam

128 3168 243 3222 actiaco
261 3167 323 3220 uite
337 3179 417 3233 opero
431 3179 490 3218 cum
508 3169 777 3233 commendassent,
796 3169 951 3236 contemplu-
1004 3166 1121 3227 activam
1136 3167 1236 3222 habere
1251 3166 1335 3222 linem
1349 3167 1378 3222 in
1389 3167 1569 3223 exterioribus
1585 3167 1700 3235 actibus,
1715 3190 1728 3216 i
1740 3169 1803 3240 qui,

131 3240 214 3292 aiecii
223 3239 312 3290 eutem
326 3235 427 3304 gaudie
441 3234 535 3288 melius
546 3250 580 3288 eu
594 3238 646 3303 {tite
657 3237 847 3292 coiroulescunt.
864 3238 948 3292 Porro
1003 3237 1027 3292 si
1044 3236 1198 3293 referantur
1215 3236 1250 3292 ad
1263 3236 1383 3308 quietem
1399 3238 1643 3309 contemplationis,
1649 3239 1709 3310 jam
1721 3239 1805 3310 perti·

133 3307 181 3365 de
203 3305 257 3360 bac
266 3306 470 3388 comparatione
485 3304 548 3360 vitae
566 3306 663 3362 activae
675 3315 702 3363 et
714 3307 948 3378 contemplativa,
965 3307 1070 3372 cuent
1081 3305 1116 3362 ad
1127 3307 1212 3362 vitain
1230 3307 1476 3380 contemplativam.
1492 3310 1523 3363 ln
1537 3307 1629 3365 futura
1641 3317 1735 3365 autem
1746 3308 1806 3366 sita

127 3378 210 3436 vide
221 3375 408 3432 conclusiones
421 3379 454 3432 D.
467 3375 583 3431 Thomas
597 3383 656 3445 ιι,
671 3393 700 3450 q.
719 3382 779 3434 lea.
1003 3376 1149 3434 beatorum
1162 3376 1277 3434 cessabit
1288 3377 1430 3451 occupatio
1446 3378 1614 3437 exteriorum
1625 3386 1755 3437 actuum:
1776 3385 1805 3438 et

179 3440 418 3504 ¹‘0bservationo
437 3446 552 3518 dignuin
576 3447 693 3516 videtur;
708 3448 783 3522 quod
804 3449 950 3506 Cassianus
1002 3447 1085 3521 siqui
1095 3456 1172 3505 actus
1186 3449 1335 3506 exteriores
1352 3449 1585 3518 sint‚relerentur
1597 3449 1631 3508 ad
1643 3450 1727 3508 linem
1741 3466 1806 3508 con·

136 3521 172 3577 in
193 3517 243 3576 bis
255 3517 445 3577 collationibus
456 3533 512 3574 non
535 3517 587 3576 nisi
601 3536 656 3578 uno
674 3528 722 3578 aut
738 3520 823 3578 altero
838 3522 899 3577 loco
912 3520 950 3577 le-
1001 3519 1196 3593 templationis.
1216 3520 1256 3578 Ut
1276 3520 1349 3578 euim
1372 3524 1416 3577 Au
1453 3521 1541 3580 uinus
1554 3520 1620 3581 dicit
1639 3523 1668 3579 iu
1693 3521 1750 3580 line
1770 3522 1805 3581 de

134 3593 225 3665 gitur
234 3605 282 3662 per
293 3605 322 3649 se
334 3591 440 3647 loeutus
454 3590 563 3656 (collat.
577 3598 621 3662 17,
635 3609 693 3665 cup.
703 3595 743 3664 d);
764 3591 832 3650 alias
841 3606 950 3675 semper
1002 3590 1082 3649 civit.
1093 3591 1144 3649 Dei
1160 3592 1234 3660 (tib.
1249 3607 1316 3650 xxii
1326 3608 1385 3664 cup.
1398 3609 1417 3649 u
1429 3592 1464 3665 ι.)
1478 3615 1485 3650 :
1498 3594 1711 3663 Divumdimuu
1722 3598 1747 3650 et
1760 3597 1806 3649 ui·

136 3679 197 3736 per
222 3677 303 3719 suum
321 3661 427 3720 socium
449 3662 629 3732 Germanum,
648 3665 695 3737 qui
717 3680 767 3723 suo
781 3673 808 3721 et
827 3663 948 3721 Cassiani
1004 3663 1135 3730 dedimus,
1148 3668 1174 3719 ct
1192 3664 1341 3721 amabimus
1357 3683 1365 3719 ε
1381 3666 1529 3722 amabimus
1542 3670 1568 3721 et
1579 3665 1756 3721 laudabimus.
1770 3667 1807 3720 Et

140 3732 263 3792 nomine
277 3749 340 3791 cum
351 3732 478 3790 Patribus
492 3732 546 3791 illis
556 3737 627 3793 collo
665 3737 773 3807 ebatur,
787 3750 888 3808 eosque
907 3736 949 3791 in·
1004 3733 1033 3791 in
1047 3736 1144 3795 eodem
1153 3735 1222 3792 libro
1230 3734 1374 3808 praemittit
1385 3735 1459 3807 quod
1468 3737 1509 3791 ibi·
1521 3740 1592 3793 Detcs
1601 3738 1658 3792 siue
1666 3738 1720 3805 line
1729 3734 1805 3789 cide·

141 3804 315 3879 terrogabat‚
338 3813 365 3860 et
378 3816 516 3876 'responsa
537 3753 698 3879 accipifflat.
718 3810 777 3877 Qua
795 3808 825 3863 iu
843 3822 873 3863 re
888 3806 950 3862 reli·
1004 3806 1089 3871 bitur,
1101 3807 1278 3874 duesostidio
1286 3807 1432 3872 amabitur,
1447 3809 1504 3863 siue
1512 3808 1673 3876 tunctune
1686 3803 1807 3886 laudubi-

163 3878 235 3935 'osae
246 3875 388 3933 modestia
400 3876 538 3948 specimen
551 3885 579 3931 et
592 3876 693 3932 silentii
712 3876 868 3946 exemplum
882 3890 966 3946 prae»
1004 3880 1060 3933 tur.
1072 3881 1127 3934 lloe
1140 3894 1247 3943 munus,
1259 3879 1302 3933 liic
1316 3876 1438 3948 affectus,
1458 3878 1501 3934 liic
1518 3881 1604 3941 uetus,
1615 3878 1666 3933 erit
1676 3877 1707 3932 iii
1718 3890 1806 3931 omni-

184 3949 208 4005 it
220 3948 377 4017 Cassianus,
397 3955 428 4002 ut
445 3944 491 4015 qui
508 3945 609 4000 seniori
629 3959 661 3999 ac
674 3944 834 4025 presbytero
843 3985 851 4011 ‚
848 3944 954 4071 ιἐιιιιξοι
1007 3947 1067 4002 bus.
1089 3966 1103 4001 it
1120 3949 1189 4004 Haec
1203 3949 1240 4005 ibi
1255 3949 1284 4006 S.
1300 3948 1431 4004 Tliomas.
1458 3947 1531 4004 illibi
1556 3950 1699 4028 veroli-2,
1714 3963 1741 4018 q.
1760 3952 1805 4014 67,

149 4018 206 4092 ipse
220 4028 248 4077 et
261 4018 391 4075 diaconus
410 4014 563 4081 dumtaxat,
577 4028 703 4086 quamne
717 4012 830 4071 sortasse
867 4021 954 4070 oetior
1006 4033 1033 4072 a.
1052 4019 1078 4084 ι)
1098 4017 1179 4073 docet
1201 4019 1315 4075 virtutes
1325 4018 1444 4074 morales
1460 4018 1488 4072 in
1501 4016 1594 4073 luuira
1607 4025 1661 4072 vita
1672 4032 1729 4073 non
1746 4031 1806 4072 ma·

150 4105 178 4149 ac
215 4091 324 4158 eritior,
339 4083 467 4160 loquendi
486 4082 606 4141 ollieium
625 4092 653 4142 et
663 4085 798 4142 bonorem
813 4083 952 4152 detulerit,
1006 4101 1071 4142 nere
1080 4094 1211 4158 quantum
1225 4086 1261 4144 ad
1272 4087 1301 4144 id
1311 4086 1387 4158 quod
1398 4095 1440 4145 est
1452 4085 1592 4143 materiale
1611 4085 1639 4142 iu
1651 4086 1699 4144 eis.
1715 4109 1728 4137 ι
1743 4088 1806 4145 lion

151 4107 237 4220 ulfic
246 4163 378 4233 loquente
390 4153 528 4214 silentiam
544 4153 647 4214 interea
660 4157 778 4214 tonuerit
790 4156 877 4224 (Vide
895 4156 954 4212 col·
1007 4156 1091 4226 enim,
1104 4157 1202 4228 inquit,
1215 4157 1242 4213 iii
1263 4156 1354 4214 lutura
1372 4156 1427 4217 rita
1439 4157 1532 4215 locum
1552 4156 1692 4216 habebunt
1710 4172 1807 4218 mucu-

152 4234 196 4291 ιιι.
210 4240 240 4301 7,
257 4240 286 4298 8,
298 4237 327 4296 ιι,
346 4233 390 4296 to,
401 4233 431 4283 tt
449 4229 475 4281 et
492 4228 553 4297 12);
574 4243 681 4290 memor
697 4227 771 4285 haud
784 4226 870 4287 dubie
881 4227 953 4284 illius
1006 4228 1147 4301 piscentiae
1159 4236 1186 4284 et
1207 4227 1397 4286 delectationes
1421 4227 1545 4285 ciborum
1565 4233 1593 4286 et
1610 4243 1804 4301 venerearum,

151 4298 461 4379 apostolicaesententiac
472 4298 520 4353 :Si
529 4302 590 4368 quis
598 4303 875 4372 putotsereli'qi'osnm
886 4314 950 4365 esse,
1005 4314 1094 4372 neque
1110 4298 1192 4356 etiam
1204 4300 1319 4358 timores
1337 4307 1365 4357 et
1376 4298 1497 4358 audaciae
1510 4301 1583 4358 circa
1603 4300 1722 4374 pericula
1734 4317 1807 4361 mor·

152 4392 200 4432 ron
212 4374 359 4441 refrenem
370 4372 489 4440 linquam
499 4385 576 4427 suom
589 4391 597 4427 :
610 4375 657 4430 sed
669 4373 794 4430 seduceris
805 4389 850 4430 cor
860 4387 950 4438 suum,
1004 4370 1050 4439 tis,
1065 4385 1165 4442 neque,
1178 4371 1261 4429 etiam
1274 4371 1477 4431 ᾶιιιιίιιιιιῑοιιιι
1499 4380 1526 4428 et
1544 4373 1806 4434 communicationes

152 4447 233 4518 iuius
246 4460 316 4499 cono
330 4448 369 4499 est
381 4441 476 4513 religio
491 4440 595 4512 (Jacob.
611 4448 649 4513 1).
663 4445 770 4502 Memor
784 4453 812 4501 et
825 4443 952 4502 salutaris
1005 4444 1095 4525 [lips.
1109 4445 1137 4498 i'o
1149 4458 1236 4515 moro.
1252 4450 1299 4501 aut
1313 4442 1561 4573 commutationes]
1580 4459 1674 4503 rerum
1686 4460 1748 4519 quae
1761 4461 1806 4503 ve·

151 4516 285 4575 doctrinae
318 4529 382 4571 uam
398 4531 414 4571 a
428 4515 484 4570 viro
498 4516 682 4585 sanctissimo,
695 4515 846 4589 eodemque
863 4514 951 4573 saneti
1004 4521 1085 4570 niunt
1097 4513 1126 4571 in
1145 4529 1232 4572 usum·
1249 4516 1390 4588 praesentis
1410 4516 1483 4574 vitae.
1507 4517 1541 4574 Se

151 4587 264 4645 Ioannis
286 4531 474 4659 qurysostomi
501 4585 633 4658 discipulo
656 4594 685 4642 et
697 4600 748 4643 suo
766 4586 951 4659 condiscipulo
1004 4584 1080 4658 quod
1092 4595 1133 4643 est
1144 4585 1271 4657 formam,
1282 4585 1595 4668 remanebuntinbeati's
1610 4585 1807 4667 perfectissime

151 4661 263 4727 (noim.
280 4660 309 4712 iu
320 4660 462 4727 dioclyrol.
478 4655 498 4713 i
513 4659 672 4726 Fabiana),
685 4664 834 4729 acceperat.
855 4659 953 4713 Exstat
968 4695 995 4759 D
1008 4664 1071 4730 post
1092 4657 1162 4714 banc
1184 4658 1282 4728 vitam,
1301 4659 1328 4715 ia
1351 4667 1484 4731 mantum
1503 4665 1573 4737 ratio
1594 4666 1807 4734 ummcuiusque

151 4731 227 4787 caim
240 4728 338 4786 Isidori
349 4729 581 4795 Pelusiotaelbi'b.
602 4734 628 4797 t,
687 4730 725 4785 't
742 4732 805 4796 ³09)
823 4727 874 4783 viri
897 4742 955 4784 san
1008 4728 1221 4786 rectissimaerit
1240 4729 1430 4799 circaeaquae
1447 4725 1483 4782 ad
1504 4739 1594 4805 ipsum
1612 4729 1749 4805 pertinent
1765 4739 1807 4780 sc·

151 4803 246 4860 etitate
257 4809 285 4855 et
303 4798 427 4857 doctrina
441 4799 582 4872 conspicui
601 4799 635 4858 ad
647 4742 806 4858 &ianam
826 4798 955 4881 epistola,
1009 4799 1130 4882 cundum
1143 4797 1353 4879 statumillumq
1367 4806 1395 4853 et
1408 4798 1448 4852 vis
1464 4801 1610 4876 appetitiva
1624 4808 1808 4878 cinamomo

151 4889 217 4930 eum
228 4885 368 4943 aggressus
380 4881 453 4929 esset
463 4874 549 4929 vitam
562 4869 743 4928 monasticam
754 4869 890 4944 proliter13
903 4883 956 4942 qua
1009 4870 1115 4927 rebitur
1132 4867 1285 4949 secundum
1295 4868 1420 4925 ordinem
1441 4873 1554 4922 rationis
1578 4880 1606 4948 in
1628 4865 1754 4950 hisquae
1772 4865 1807 4925 ad

152 4959 216 5002 eum
232 4941 305 4999 serio
316 4941 457 5000 admonuit
477 4945 598 5016 linguam
615 4957 674 4999 esse
692 4940 884 5012 coercendam,
896 4954 956 4996 mo·
1009 4948 1113 4997 statum
1123 4938 1201 4995 illum
1213 4945 1357 5011 pertinent.
1372 4937 1453 4996 Unde
1470 4940 1639 5021 Augustinus
1651 4936 1717 5023 dicit
1730 4941 1804 5007 (Lib.

152 5016 241 5073 nacho
257 5013 410 5087 praesertim
421 5016 513 5073 adhuc
523 5013 616 5088 juveni
627 5021 655 5070 et
668 5013 770 5071 novitio
785 5013 874 5079 (Vide
887 5027 957 5084 prm
1007 5011 1226 5074 andoarium,
1243 5025 1265 5065 e.
1277 5013 1309 5077 e)
1321 5009 1396 5082 quod
1409 5009 1560 5067 Prudentia
1570 5009 1612 5066 ibi
1622 5011 1674 5067 erit
1685 5011 1807 5067 uacatio

152 5088 207 5155 sut.
221 5091 342 5142 nostrum
354 5087 390 5142 od
405 5089 549 5158 Lectica).
563 5087 635 5141 Nam
656 5084 731 5158 loqui
742 5094 771 5143 et
782 5084 881 5142 docere
894 5098 955 5139 ma·
1005 5082 1127 5155 periurio
1138 5081 1249 5150 emeris,
1260 5082 1393 5149 fortitudo
1404 5084 1461 5138 sine
1470 5082 1592 5137 molestia
1607 5082 1807 5139 tolerandorum

151 5156 268 5230 gistrm
283 5156 436 5214 condecet:
459 5167 549 5216 tacere
568 5165 595 5214 et
615 5156 709 5214 audire
727 5155 861 5227 discipulo
880 5169 947 5211 con·
1004 5155 1152 5223 melorum,
1167 5153 1345 5225 temperantia
1360 5155 1416 5209 sine
1429 5155 1622 5224 repugnaturos
1633 5153 1778 5211 libidinum
1797 5174 1806 5211 .·

153 5228 239 5294 venit,
250 5226 289 5286 ait
298 5231 335 5285 D.
352 5230 516 5287 Benedictus
525 5244 584 5301 cap.
598 5243 610 5285 1
623 5243 680 5285 sum
694 5227 817 5301 Regulae.
1004 5225 1347 5298 utpiudeutioesituullum
1359 5225 1807 5298 bouumDeoproepoucrecelicquu

189 5301 202 5332 ⁰
214 5299 322 5373 Triplex
333 5314 418 5374 geniis
430 5301 568 5358 actionum
587 5315 635 5358 seii
654 5315 769 5373 operum
781 5298 843 5356 vitae
856 5296 953 5356 ectivae
1005 5314 1049 5368 re,·
1063 5299 1249 5369 fortitudinis,
1263 5299 1289 5352 ei
1297 5298 1448 5368 firmissime
1457 5297 1601 5379 inteream
1612 5301 1804 5368 temperantia,

153 5384 219 5443 qum
230 5371 257 5427 in
270 5371 363 5429 futura
383 5371 437 5429 vita
456 5373 609 5431 cessabunt.
628 5373 660 5427 ln
674 5371 762 5443 primo
776 5385 874 5444 genere
888 5377 953 5428 sunt
1005 5372 1080 5427 nullo
1091 5372 1197 5440 defectu
1208 5371 1288 5426 noerio
1297 5370 1435 5425 delectori.
1450 5369 1606 5440 Deyustitio
1621 5385 1682 5425 vcro
1693 5372 1805 5437 munife-

154 5451 352 5514 quaespeotant
365 5442 446 5502 adco
480 5445 536 5503 oris
547 5443 748 5514 necessitatem,
762 5451 795 5501 ut
807 5441 952 5509 edere‚bi·
1005 5445 1074 5500 etius
1088 5445 1237 5514 ediquem
1251 5441 1393 5497 ociumibi
1408 5440 1632 5504 moestissimi
1646 5456 1700 5497 esse
1717 5442 1806 5498 siibdi‘-

154 5512 237 5593 bere,
251 5511 379 5583 dormire,
396 5460 706 5588 definiendumque
727 5523 851 5587 spectant
862 5515 904 5571 vel
919 5513 953 5572 ad
1006 5516 1221 5585 tumbeo3quio
1232 5517 1315 5597 ciibm
1323 5516 1354 5569 in
1367 5514 1417 5568 boc
1435 5513 1492 5567 uita
1504 5510 1682 5583 adjustitiam
1688 5515 1807 5584 pertiirct

153 5597 249 5642 carnis
261 5587 472 5666 macerationem
498 5596 529 5646 ut
542 5586 656 5662 jejunia,
671 5587 773 5671 vigilias,
786 5595 851 5658 etc„
865 5586 906 5644 rel
919 5584 953 5643 ad
1006 5601 1061 5690 casp
1071 5587 1210 5643 subditum
1222 5587 1365 5659 superiori.
1375 5600 1400 5667 ‘ii
1416 5584 1555 5667 Dactenus
1571 5586 1606 5639 D.
1620 5582 1751 5642 Thomas.
1784 5655 1790 5667 ·

153 5659 471 5730 concupiscentiarum
492 5659 837 5729 'um,utmatrimonium.
855 5660 953 5715 later·
1083 5660 1123 5714 Co
1175 5656 1260 5714 ralem
1294 5660 1516 5715 exercitationem
1547 5662 1740 5728 interpretatur
1760 5654 1806 5736 .¹¹.¹⁰

153 5727 204 5799 tio,
220 5741 283 5801 quat
295 5728 329 5786 ad
340 5731 461 5805 proximi
481 5730 701 5802 subventionem,
719 5738 751 5788 ut
771 5745 853 5804 opera
870 5729 953 5785 mise·
1007 5728 1112 5785 Auctor
1146 5728 1270 5803 ejunium
1292 5728 1411 5802 aliasque
1432 5725 1602 5784 austeritates
1626 5733 1653 5782 et
1678 5731 1804 5802 exercitia

153 5798 289 5859 ricordiae.
305 5803 374 5860 flac
390 5802 483 5859 omnia
520 5801 683 5860 roculdubio
697 5802 726 5858 in
741 5800 834 5860 laturo
854 5799 955 5858 saeeulo
1008 5798 1107 5872 quibus
1125 5814 1225 5884 eorpus
1244 5799 1391 5874 castigatur
1413 5804 1618 5856 etmaoeiatur.
1635 5796 1745 5872 Verum
1758 5793 1811 5842 bie

153 5879 183 5930 et
194 5871 342 5930 beatorum
356 5872 410 5930 rita
427 5818 582 5942 cessabunt,
597 5872 663 5945 quia
674 5873 748 5930 nulla
759 5872 797 5930 ibi
809 5870 957 5930 neeesdtas
1008 5876 1223 5929 commentarius
1240 5884 1301 5927 non
1318 5866 1747 6001 wmirqmstomofflpt?
1759 5857 1836 5908 m

140 5944 323 6039 corporalis,
341 5944 417 6002 nulla
437 5944 526 6003 carnis
540 5942 687 6004 infirmitas
702 5952 752 6002 aut
770 5942 955 6017 impugnatio,
1009 5941 1191 6005 stmtierba:
1205 5942 1331 6015 Quaem
1405 5930 1711 6012 apciutuiiactetuu
1742 5922 1856 5978 ΜΝ

1580 4525 1715 4589 quantum
1728 4516 1763 4573 ad
1778 4515 1807 4572 id
1883 4533 1891 4552 ·
