3848 6158
137 301 189 360 335
809 279 950 339 loannis
968 277 1120 337 etssltttl
1176 276 1182 292 ¹
1740 275 1795 332 336

137 425 179 482 bis
200 421 332 481 adsersus
350 417 467 476 fratrem
490 413 647 486 irrepserit,
669 422 889 476 commoremur,
913 415 940 463 et
954 410 979 473 Α
993 403 1090 478 eapitis
1105 403 1164 476 ejus
1181 401 1305 474 explere3
1325 399 1421 458 beatus
1440 399 1529 457 David
1549 398 1683 456 adversus
1704 396 1796 458 diram

136 517 199 574 irati
219 514 331 573 lethales
351 510 542 583 instigationes
560 506 620 579 ejus
638 503 819 572 extrudimus,
839 517 890 558 nec
909 500 938 556 in
991 499 1194 572 suggestionem
1212 496 1272 570 ejus
1289 495 1473 569 indignatione
1493 494 1534 567 pia
1552 501 1727 565 commotus,
1741 494 1795 554 bu-

137 611 237 669 abditis
260 606 380 681 pectoris
401 603 488 661 nostri
507 600 605 659 noxias
624 614 685 657 eam
706 596 823 655 latebras
840 594 940 652 habere
991 592 1113 649 militatis
1126 591 1244 648 modum
1256 600 1284 648 et
1295 590 1432 665 patientiae
1445 590 1564 663 rigorem
1580 589 1742 648 inconcussa
1755 589 1795 649 le·

137 704 337 778 permittimus.
352 699 455 756 Taliter
476 712 527 755 nos
543 694 626 753 irasci
642 693 726 751 etiam
741 692 785 750 ille
803 690 938 764 propbeta
993 687 1079 743 nitate
1092 685 1220 753 servarit,
1235 684 1329 743 dicens
1343 705 1349 740 :
1364 683 1437 756 Quid
1449 683 1516 740 mitri
1532 692 1560 740 et
1571 682 1658 754 robis,
1673 683 1720 741 titii
1731 685 1796 744 Sar-

134 798 225 866 dooet,
240 796 287 869 qui
302 795 331 851 in
348 799 456 850 tantum
470 791 542 848 banc
555 806 571 848 e
585 790 643 848 sois
656 788 784 860 abegerat
797 785 936 854 sensibus,
963 849 967 855 ‚
994 779 1065 837 vtae?
1086 779 1203 836 Dimitte
1217 793 1294 845 eum,
1310 786 1342 835 ut
1358 777 1514 835 maledicat.
1538 782 1549 811 ⁰
1563 777 1698 835 Dominus
1718 777 1796 837 enim

134 901 210 949 utne
223 890 343 948 inimicis
354 888 468 962 quidem
478 887 605 960 propriis,
619 894 647 943 et
659 885 772 959 quidem
783 899 799 940 a
811 885 871 940 Deo
884 880 938 939 sibi
993 872 1122 946 braectptt
1141 872 1164 929 ti
1183 879 1213 929 ut
1231 871 1404 928 malediceret
1426 869 1522 928 David·
1540 874 1575 927 Et
1590 872 1652 943 quit
1669 879 1727 965 est,
1746 874 1796 946 qui

133 983 251 1057 traditis,
272 982 398 1040 maluerit
422 978 535 1037 reddere
554 978 685 1036 tationem
705 997 713 1033 ι
737 981 750 1010 ⁸
769 973 934 1045 irascimini,
992 966 1092 1024 audeat
1111 965 1212 1035 dicere,
1229 980 1313 1039 qnare
1335 965 1374 1021 sic
1391 962 1501 1022 fecerit?
1516 967 1585 1021 Ecce
1609 965 1682 1022 tilius
1700 981 1792 1037 meus,

135 1076 273 1150 inquiens,
288 1083 316 1133 et
329 1073 414 1131 nolite
434 1087 545 1144 peccare
567 1071 678 1138 (Psatm.
700 1072 775 1137 nv).
796 1068 845 1125 tlte
863 1066 937 1123 enim
989 1059 1035 1132 qui
1046 1074 1168 1133 egressus
1181 1067 1222 1116 est
1231 1059 1265 1116 de
1276 1066 1354 1116 utero
1365 1073 1439 1127 meo,
1450 1058 1547 1130 quaerit
1555 1059 1677 1116 animam
1687 1074 1793 1130 meam,

135 1186 200 1227 cum
220 1148 322 1242 aquam
341 1166 375 1222 de
390 1165 508 1222 cisterna
524 1163 731 1220 Bethleemitica
749 1161 935 1233 concupisset,
990 1161 1092 1224 quanto
1102 1152 1189 1225 magis
1198 1151 1243 1208 bic
1255 1151 1327 1209 lilius
1341 1149 1454 1208 leminit
1472 1150 1585 1209 Dimitte
1600 1166 1674 1224 eum,
1686 1160 1791 1211 utma-

135 1278 251 1335 eamque
262 1279 277 1319 a
289 1261 354 1318 viris
369 1258 488 1316 sortibus
500 1272 549 1331 per
563 1257 668 1315 medias
681 1256 800 1313 trosttum
815 1263 937 1312 catervas
990 1246 1089 1304 tedicat
1104 1247 1180 1320 juxta
1197 1254 1367 1320 praeceptum
1386 1245 1512 1316 Domini,
1531 1246 1554 1303 si
1573 1246 1645 1304 torte
1663 1248 1793 1322 respiciat

134 1357 308 1430 suscepisset,
328 1355 439 1412 allatam
461 1352 587 1426 protinus
602 1350 700 1409 ettndtt
721 1351 748 1407 in
767 1359 885 1420 terram3
908 1356 937 1407 et
989 1339 1126 1397 Dominus
1138 1338 1318 1397 afflictionem
1334 1354 1436 1408 meam,
1453 1348 1481 1396 tt
1492 1337 1588 1396 reddit
1603 1338 1670 1396 milti
1682 1340 1792 1399 bonum

135 1452 174 1509 ita
194 1451 386 1523 voluptuosam
400 1442 414 1481 't
427 1445 654 1519 concupiscentia
675 1445 830 1518 passionem
847 1443 935 1501 iratus
989 1447 1039 1506 ttt⁰
1054 1431 1242 1491 maledictione
1261 1431 1313 1489 ¹¹³0
1326 1432 1458 1491 hodierna
1473 1433 1510 1502 (ll
1530 1437 1596 1503 Rea·
1611 1433 1689 1503 xrtl.

135 1545 311 1616 exstinguens
329 1541 420 1599 libavit
439 1556 500 1597 eam
514 1539 647 1609 Domino,
661 1545 688 1594 et
701 1537 859 1610 cupiditatis
877 1552 936 1594 suae
1278 1569 1401 1627 CAPUT
1418 1571 1494 1627 vm·

135 1634 301 1695 desiderium
314 1651 371 1692 non
385 1635 512 1707 explerit,
532 1633 626 1690 dicens
643 1653 648 1686 :
665 1632 802 1704 Propitius
817 1632 853 1688 sit
867 1631 935 1688 mibi

134 1730 271 1809 Dominus
285 1745 320 1787 ne
333 1727 434 1787 tactam
447 1728 518 1797 boc;
532 1741 600 1783 num
615 1725 777 1799 sanguinem
791 1724 936 1782 bominum
1079 1691 1117 1744 De
1127 1702 1177 1759 im
1191 1687 1321 1743 “dmm
1333 1692 1506 1758 ”mmmm
1518 1689 1699 1760 mmmm

25 1882 30 1889 ,
135 1822 261 1893 istorum,
283 1821 329 1894 qui
348 1818 460 1893 protecti
479 1827 554 1889 sunt,
570 1826 598 1875 et
611 1817 765 1875 animarum
781 1815 973 1890 periculumB
1023 1800 1187 1870 diubemur
1200 1811 1291 1885 itaque
1303 1812 1384 1870 irasci
1398 1811 1556 1882 salubriter,
1575 1813 1624 1873 sed
1637 1814 1792 1883 nobismet·

134 1916 226 1973 bibam
240 1915 276 1988 (ll
290 1912 720 1985 tteq.xx111)t,VelcumSemei
735 1911 864 1986 inregem
878 1914 933 1969 Da·
987 1907 1068 1981 ipsis,
1100 1922 1133 1964 ac
1162 1906 1381 1981 suggestionibus
1406 1907 1598 1965 accedentibus
1627 1909 1728 1980 praris3
1758 1918 1790 1968 et

134 2008 189 2078 rid,
205 2007 332 2065 audiente
351 2023 394 2077 eo,
411 2006 513 2080 lapides
529 2014 558 2063 et
570 2004 714 2063 maledicta
729 2020 825 2062 coram
839 2004 932 2063 omni·
963 2038 967 2043 ·
986 2018 1042 2058 non
1064 2017 1185 2074 peccare,
1204 2000 1239 2059 ad
1259 1999 1390 2059 ellectum
1406 2002 1510 2059 scilicet
1530 2017 1575 2059 eas
1591 2003 1707 2060 noxium
1725 2019 1791 2078 per·

135 2102 186 2160 bus
207 2102 351 2177 irrogaret,
370 2102 502 2175 velletque
522 2100 616 2157 Abisai
638 2099 712 2158 tilius
735 2098 839 2157 sarviae
857 2099 934 2172 prin-
986 2099 1127 2157 ducentes.
1141 2098 1264 2171 Denique
1279 2097 1352 2154 bunc
1364 2098 1494 2156 eumdum
1509 2089 1623 2156 sensu'm
1635 2100 1791 2161 evidentius

133 2212 197 2270 ceps
215 2198 344 2267 militnm,
362 2196 478 2254 convicii
493 2178 597 2269 regalis
610 2195 744 2252 ultionem
759 2195 933 2252 truncatione
986 2195 1114 2266 explanat
1134 2193 1282 2252 versiculus
1298 2207 1414 2266 sequens
1430 2212 1437 2250 r
1454 2198 1466 2227 ·
1481 2195 1549 2266 Quae
1564 2193 1653 2252 dicitis
1673 2195 1704 2252 in
1722 2210 1789 2254 cor·

680 2319 808 2378 attunt
826 2322 941 2378 anrat
960 2319 1240 2378 COMMENTARIUS.

134 2439 196 2495 dine
209 2440 251 2494 ita
268 2443 453 2509 comparatum
473 2441 522 2501 est,
542 2441 573 2492 ut
592 2438 641 2492 uin
655 2439 801 2507 quisquam
816 2439 934 2493 inomni
988 2441 1063 2492 tanto
1077 2439 1208 2493 samnius
1222 2452 1415 2501 numeratum
1430 2438 1524 2507 utique
1535 2437 1617 2493 mutto
1628 2438 1715 2494 minus
1726 2443 1793 2511 rapi

131 2513 229 2582 possit,
240 2512 285 2564 ceri
292 2525 344 2564 non
353 2509 490 2564 interdum
501 2509 650 2563 iracundia
657 2507 767 2578 affectus
778 2509 933 2576 ubertatum
987 2508 1234 2578 deessepotuen'tec
1241 2509 1470 2576 caterisfontibus
1477 2525 1561 2578 aqua,
1569 2510 1791 2568 irrationabilem

135 2583 190 2637 baec
202 2581 258 2636 sola
266 2581 344 2651 justa
354 2580 540 2636 euistimunda
551 2583 599 2643 est,
615 2595 676 2648 qua
690 2580 879 2635 nonaduersus
894 2595 935 2635 eos
1008 2579 1792 2652 mnndumeoncupiscentiampassus,desiderauiteamqum

134 2655 185 2723 qui
196 2652 271 2708 nobr's
285 2652 416 2723 injuriam
430 2651 553 2721 aliquam
567 2651 728 2713 intulerunt,
746 2651 793 2705 sed
807 2651 936 2707 aduersus
989 2596 1106 2706 iastinm
1114 2654 1172 2706 erat
1181 2651 1510 2718 circumfusioneeotlata,
1521 2651 1658 2707 undesine
1664 2655 1790 2710 manime

134 2727 207 2779 iram
220 2727 309 2794 ipsam
321 2725 481 2794 concipitur.
987 2723 1107 2793 periculo
1116 2737 1168 2776 non
1178 2724 1309 2792 potuisset
1322 2722 1434 2788 deterri.
1450 2725 1543 2791 Itaque
1554 2724 1597 2776 ait
1610 2740 1619 2775 .·
1633 2724 1698 2790 Quis
1709 2723 1791 2781 data

171 2795 258 2849 ¹Hoc
275 2793 384 2850 duobus
404 2792 494 2850 modis
509 2790 620 2862 intelligi
636 2806 715 2862 posse
730 2790 811 2848 docet
828 2794 938 2866 Augus·
991 2793 1061 2847 milti
1072 2796 1166 2863 potum
1180 2793 1213 2848 cte
1227 2795 1286 2848 lacu
1303 2795 1353 2862 qui
1365 2797 1404 2848 est
1419 2795 1449 2848 in
1462 2792 1594 2849 Detbleem
1611 2794 1649 2848 ad
1659 2797 1790 2864 putam?

135 2864 209 2920 tinus
223 2867 309 2931 ;Aut,
322 2868 437 2928 etiamsi,
448 2863 545 2936 inquit,
556 2864 718 2927 irascimini,
733 2865 814 2918 notite
825 2879 935 2934 peccare
988 2866 1092 2919 Etcum
1104 2865 1296 2934 essentreperti
1308 2866 1426 2918 tresviri
1438 2866 1486 2934 qui
1494 2865 1610 2919 bostium
1619 2868 1789 2936 castraprur·

136 2937 218 3001 (Psat.
234 2942 289 3001 rv);
303 2938 412 2990 etiarnsi
423 2938 518 3004 surqat
531 2937 617 2988 motus
631 2936 725 2997 animi,
741 2934 856 3003 quiJ'am
866 2950 934 3004 pro-
988 2934 1115 2997 ciderent,
1129 2939 1154 2989 et
1168 2935 1307 3002 deterrent
1317 2951 1426 3005 aquom,
1442 2950 1526 3005 quam
1539 2950 1641 2990 summa
1655 2935 1789 2994 mandato

134 3009 197 3075 pter
208 3021 316 3075 parram
326 3007 431 3076 peccati
440 3021 492 3059 non
505 3009 543 3059 est
556 3005 585 3057 in
592 3008 732 3074 potestate,
744 3005 839 3061 saltem
850 3006 876 3059 ei
884 3021 936 3061 non
989 3005 1176 3068 desiderasset,
1188 3006 1543 3076 eoqnoscensquodpericulo
1553 3006 1642 3061 alieno
1651 3008 1792 3077 mooun

135 3078 285 3131 cernentiat
298 3078 368 3130 ratio
382 3080 406 3129 et
418 3091 500 3137 mens,
513 3090 574 3145 qua
586 3078 659 3130 tritus
671 3080 830 3145 reqmerata
842 3079 881 3131 est
893 3091 936 3133 se·
949 3090 960 3103 ‘
990 3075 1083 3130 eadem
1094 3078 1262 3140 constitisset,
1272 3077 1400 3148 protudit
1411 3078 1488 3131 ittam
1496 3078 1619 3140 Domino,
1632 3093 1665 3133 ne
1676 3081 1789 3149 sanqui-

136 3147 253 3202 cundum
266 3151 363 3213 Deum;
376 3152 435 3212 aut,
447 3148 520 3215 aqitc
529 3147 725 3216 penitentiam,
737 3146 768 3201 id
779 3152 828 3211 est,
839 3147 936 3203 irasci·
990 3162 1050 3202 nem
1059 3148 1168 3202 itteram
1180 3150 1228 3218 qui
1237 3165 1296 3204 eam
1306 3148 1458 3203 damnant
1471 3149 1711 3204 bibereuideretur.
1722 3151 1790 3218 eroe

136 3219 206 3272 mini
218 3219 412 3288 uobismetipsis
427 3219 460 3272 de
472 3219 622 3287 preteritis
636 3219 763 3288 peccatis,
777 3224 803 3274 et
819 3219 934 3274 ulterius
989 3233 1031 3273 res
1045 3219 1143 3274 indicio
1158 3224 1208 3282 est,
1224 3219 1296 3290 quod
1309 3220 1520 3288 concupiscentia
1534 3218 1643 3289 quidun
1656 3222 1789 3277 sotiorum
1827 3226 1833 3233 '

125 3305 242 3359 peccare
263 3289 385 3345 desinite.
407 3289 490 3360 Atqui
505 3288 548 3344 bic
567 3288 701 3360 posterior
714 3302 821 3358 sensus,
842 3288 888 3360 qui
905 3297 934 3346 et
952 3282 1148 3358 Cpraueniat,
1164 3289 1211 3346 sed
1222 3293 1293 3346 ratio
1301 3291 1449 3360 cupiditati
1458 3292 1575 3345 resistat.
1591 3292 1657 3346 time
1667 3289 1788 3351 Ambro-

136 3360 266 3441 Cassiano
290 3360 400 3432 placuit.
432 3359 557 3416 isidorus
575 3359 732 3443 ‘Detusiotes
758 3359 787 3415 in
812 3359 933 3432 quadam
988 3359 1044 3462 sinos
1059 3360 1124 3417 huic
1138 3359 1198 3416 loco
1213 3369 1406 3444 consentanea.
1541 3435 1547 3445 η
1654 3435 1659 3445 Ι

136 3429 935 3572 restitutititit?trististristis
987 3432 1789 3573 ...riutiltiisttttitutitttdt

137 3572 238 3644 inquit,
248 3574 410 3636 Irascimini,
419 3578 444 3628 ct
454 3575 666 3643 nolitepcceare,·
680 3571 854 3642 multiplicem
865 3573 936 3627 mitri
982 3571 1196 3642 jubendodicit,
1205 3573 1410 3629 ubiobedientia
1420 3574 1788 3647 truderetumsedquodep‘us

135 3658 242 3699 sensum
261 3644 357 3699 trabere
371 3645 487 3699 uidetur.
510 3648 536 3698 t⁰
551 3647 639 3699 Potest
653 3644 722 3697 enim
737 3648 762 3698 et
772 3642 892 3697 absolute
904 3659 936 3699 aa
987 3643 1151 3698 uoluntatem
1159 3646 1271 3715 proprio
1287 3660 1334 3700 suo
1347 3647 1536 3709 stemmatum,
1549 3648 1579 3699 in
1592 3646 1639 3700 boe
1647 3644 1809 3716 peceatum

136 3715 381 3786 definiteintettiqi,
393 3720 419 3770 et
427 3731 477 3786 per
486 3715 594 3770 cmrsilti
600 3713 708 3769 modum
717 3731 725 3779 ς
735 3714 810 3768 uerbi
821 3715 934 3782 qratia:
984 3714 1091 3784 judicio
1104 3730 1151 3770 suo
1161 3715 1237 3784 justo
1250 3719 1276 3770 et
1289 3715 1388 3770 occulto
1402 3716 1583 3781 inclinaverit,
1598 3717 1659 3772 ideo
1675 3717 1754 3775 dicit
1763 3720 1791 3776 ei

136 3789 292 3843 Irascimini
297 3788 583 3857 ;etquamobcausam
590 3786 761 3840 irascimini?
769 3786 862 3854 Quapr
896 3789 937 3841 ter
989 3787 1127 3842 Dominus.
1148 3788 1219 3845 Nam
1237 3789 1263 3841 si
1273 3787 1382 3856 jubenti
1396 3787 1611 3857 obtemperasset,
1632 3789 1790 3847 tmtdandus

135 3873 169 3914 ne
180 3860 340 3922 teneamini,
354 3863 384 3912 ut
393 3874 425 3912 na
432 3858 556 3928 peccetis.
568 3857 598 3910 2⁰
606 3859 695 3911 Potest
706 3857 769 3910 itan
781 3860 806 3910 et
817 3856 849 3909 itt
895 3858 935 3913 si·
985 3858 1172 3927 potiusquam
1181 3857 1422 3928 punr'cndnsesset,
1438 3860 1507 3912 sicut
1522 3874 1556 3913 ea
1568 3859 1789 3932 bocposteapu·

136 3931 264 4000 pnificore
276 3949 284 3983 ε
294 3931 425 3998 Quoniam
436 3929 508 3983 ocris
517 3925 630 3995 affectus
640 3926 792 3981 iracundia
800 3931 849 3990 est,
860 3942 934 3998 qua·
988 3929 1075 3982 udum
1082 3943 1136 3984 esse
1145 3929 1275 3984 nouimus.
1290 3930 1357 3984 Haec
1366 3929 1539 4000 Augtrstinus
1549 3930 1618 3996 (Lib.
1629 3931 1663 3986 de
1672 3933 1749 3990 arus.
1762 3937 1789 3989 et

136 4016 187 4071 que
199 4002 319 4055 animam
333 4001 400 4054 mire
415 4000 552 4069 surripere
568 4003 648 4068 queat
660 4001 788 4070 (persaepe
802 4000 873 4054 unm
885 4015 935 4056 ra·
988 3998 1034 4052 lib.
1053 4000 1159 4056 Arbitr.
1173 4015 1232 4071 cap.
1249 3999 1304 4071 tu).
1325 3999 1432 4056 Dicitur
1445 4008 1537 4056 autem
1552 4001 1626 4057 Deus
1642 4001 1789 4060 inclinant

135 4073 204 4127 ttoni
212 4073 357 4142 procurrit
366 4088 397 4126 ac
403 4075 504 4142 prater
513 4071 676 4125 uoluntatem
683 4085 750 4140 pene
757 4068 933 4143 procreatur),
989 4068 1156 4126 uoluntatem
1167 4071 1257 4126 Semel
1267 4068 1301 4126 ad
1313 4069 1534 4127 maledicendum
1547 4071 1646 4139 David,
1656 4088 1713 4128 non
1722 4088 1788 4131 eum

135 4142 234 4197 idcirco
248 4144 354 4198 ratione
365 4148 414 4197 aut
427 4143 577 4213 insequenti
589 4141 796 4197 comideratione
810 4141 878 4196 banc
891 4156 936 4197 se-
988 4139 1135 4209 incitando,
1156 4148 1204 4196 aut
1219 4139 1428 4223 compellendo;
1446 4140 1495 4199 sed
1511 4141 1705 4212 permittendo,
1720 4159 1801 4202 cnm⁴

135 4211 208 4272 date,
223 4227 276 4265 non
290 4214 321 4265 in
335 4214 461 4268 ultionem
470 4217 685 4284 prorumpentes,
699 4212 746 4267 sed
758 4215 786 4266 in
798 4209 936 4268 lenitatem
987 4208 1066 4267 facile
1085 4220 1178 4283 posset
1192 4211 1326 4284 impedire
1346 4228 1353 4265 τ
1375 4228 1425 4269 nec
1446 4212 1499 4269 boc
1512 4220 1632 4282 tantum,
1654 4214 1703 4271 sed
1719 4215 1787 4288 qnia

135 4281 389 4349 atqueclcmeutr'nm
396 4284 553 4337 desinentes.
563 4283 935 4353 u⁰llludquoquedesipnare
988 4295 1144 4351 perversam
1160 4280 1219 4354 ejus
1238 4282 1416 4354 voluntatem,
1435 4283 1508 4340 etad
1522 4283 1609 4341 multa
1623 4285 1724 4342 meleta
1739 4286 1788 4343 in-

132 4354 221 4419 potest
237 4369 245 4403 ε
259 4353 418 4407 irascamini
436 4353 497 4405 laec
512 4350 633 4420 effectui,
672 4354 703 4405 ui
719 4352 792 4407 uobis
808 4354 934 4409 molestus
987 4351 1118 4407 clinatam
1149 4351 1202 4409 boc
1220 4360 1329 4409 tantum
1343 4370 1423 4427 agere
1441 4363 1468 4411 et
1481 4355 1592 4427 exsequi
1605 4356 1731 4439 permisit
1750 4372 1785 4414 ex

135 4425 219 4502 atque
228 4420 402 4503 infestasset,
417 4424 607 4503 aeprasertim
617 4369 759 4504 ooieptati,
772 4427 863 4505 elnon
869 4439 934 4493 pec-
988 4421 1081 4504 multis
1096 4394 1130 4479 ad
1143 4425 1536 4507 quaeparataerat3idquead
1568 4426 1718 4484 uniendum
1730 4431 1788 4485 Da·

136 4491 928 4559 cabriasNomseuostractosacdrssolutosinuenrotmutto
989 4491 1081 4549 rrdenr
1104 4510 1110 4547 :
1135 4503 1215 4551 sicuti
1236 4495 1345 4553 diabolo
1367 4497 1466 4569 petenti
1487 4443 1646 4554 laenitatem
1669 4498 1786 4557 vexandi

134 4563 238 4632 negotio
249 4576 294 4615 uos
306 4562 445 4632 superabit
451 4582 459 4630 ;
475 4563 501 4616 si
513 4565 604 4618 autem
622 4562 764 4631 uigilantes
778 4578 809 4617 ac
820 4563 931 4630 sobrms,
987 4563 1051 4632 Job,
1068 4566 1203 4622 concessit
1219 4582 1275 4623 non
1296 4583 1408 4624 omnem
1426 4583 1509 4640 quam
1530 4568 1653 4640 optabat,
1676 4573 1723 4626 sed
1739 4585 1785 4628 re-

136 4635 239 4705 ipsique
255 4634 408 4700 irascentes,
425 4635 641 4704 quamprimum
657 4632 784 4689 discedet.
801 4640 831 4689 4⁰
843 4637 932 4692 Potest
987 4635 1110 4693 strictam
1125 4637 1278 4700 illisrerbis
1293 4638 1359 4707 (lob.
1376 4640 1397 4712 t)
1413 4659 1419 4694 :
1436 4642 1501 4696 Eece
1516 4643 1643 4697 uniuerso
1659 4657 1722 4712 quse
1733 4643 1787 4698 tta-

134 4708 216 4761 etiam
227 4705 382 4775 imperandi
390 4705 467 4762 modo
478 4707 585 4776 erponi.
598 4706 730 4773 moniam
742 4707 880 4761 enimcum
888 4709 932 4762 in-
946 4684 972 4747 Ῑ)
989 4706 1031 4763 bet
1045 4710 1075 4763 in
1088 4724 1182 4772 manu,
1202 4713 1251 4765 tua
1264 4716 1342 4777 sunt,
1357 4715 1463 4766 tantum
1476 4713 1507 4766 in
1525 4727 1585 4767 eum
1605 4729 1718 4768 manum
1731 4728 1787 4770 non

128 4777 335 4848 juriasnostras
343 4778 505 4839 utebnmur,
516 4777 625 4831 alodum
634 4792 739 4846 quoque
749 4772 933 4835 inuler'scendo
986 4779 1117 4835 sciendas
1127 4781 1208 4847 (Vide
1217 4781 1344 4837 Deltarm.
1357 4783 1404 4837 lib.
1416 4796 1441 4837 11
1451 4782 1484 4837 de
1495 4785 1597 4839 Amos.
1608 4788 1680 4852 prat.
1691 4799 1720 4839 c.
1731 4787 1785 4851 lt).

132 4847 932 4917 eruedinumeumautemoetdediuinaqtoriameldeuin·
1022 4838 1099 4906 “Sic
1120 4853 1156 4907 D.
1175 4852 1344 4925 Augustinus
1365 4852 1393 4908 in
1410 4853 1477 4924 psal.
1500 4868 1563 4910 xxv
1583 4853 1705 4911 scribens
1723 4873 1734 4910 r
1754 4856 1788 4914 Si

133 4919 258 4974 dicendis
270 4924 417 4990 conumqui
424 4919 678 4990 laedunturinp'uriis
689 4921 792 4989 opitur,
804 4925 862 4977 tum
871 4936 932 4978 uero
982 4925 1128 4994 propterea
1139 4923 1266 4978 irasceris
1281 4939 1355 4980 seruo
1371 4928 1426 4987 tuo,
1441 4927 1508 4994 quia
1519 4928 1654 4995 procurrit,-
1667 4941 1700 4981 ne
1713 4929 1740 4982 et
1753 4929 1787 4983 tu

131 4993 231 5045 metum
240 4993 266 5043 et
275 4992 390 5057 quietem
397 4993 536 5060 pupinus,
548 4993 668 5062 mutique
676 5007 708 5046 aa
717 4991 821 5063 torpidi
828 5007 929 5057 sumus,
987 4995 1043 5063 lpse
1051 5009 1151 5064 pecces,
1168 4996 1283 5050 irascere
1299 4996 1351 5050 tibi
1364 4996 1447 5062 (Vide
1467 4996 1496 5051 S.
1513 4996 1603 5052 Tttom.
1620 5002 1678 5061 Μ,
1690 5013 1720 5068 q.
1737 4999 1785 5068 li,

132 5064 163 5115 ut
173 5059 244 5114 nibil
257 5060 330 5114 irtter
341 5076 388 5115 nos
401 5066 426 5115 et
441 5077 511 5116 sana
524 5064 630 5117 intersit
643 5082 651 5117 ε
664 5067 818 5133 propterea,
831 5066 929 5135 iniquit,
985 5079 1012 5119 a.
1026 5069 1064 5132 7).
1081 5067 1117 5120 Et
1126 5064 1189 5121 abbi
1200 5067 1244 5133 (tn
1257 5068 1327 5136 psal.
1343 5070 1388 5133 lv)
1403 5087 1409 5123 :
1426 5067 1491 5121 Vota
1503 5082 1547 5121 uos
1561 5069 1653 5131 irasci,
1668 5068 1787 5125 sednon

126 5129 201 5199 juste
218 5129 327 5200 quedem
340 5133 498 5195 nascimini,
518 5136 546 5186 at
560 5134 778 5203 notitepeceare;
799 5137 930 5192 nimirum
984 5139 1015 5190 ut
1030 5138 1160 5206 peccetis3
1181 5140 1213 5191 ut
1228 5141 1317 5192 autem
1337 5153 1389 5194 non
1408 5140 1531 5208 meretis
1553 5139 1652 5209 quibus
1678 5139 1786 5209 habetis

130 5201 172 5255 uel
188 5201 279 5256 aluno
291 5206 411 5271 peccota,
428 5218 542 5272 quorum
556 5206 655 5259 consui
666 5206 739 5266 estis,
757 5205 928 5271 occultantes,
983 5208 1076 5271 irasci,
1089 5209 1147 5263 nisi
1157 5208 1249 5263 nebu?
1262 5209 1331 5279 quid
1344 5212 1414 5264 enim
1428 5212 1467 5264 est
1482 5209 1558 5264 bomo
1566 5212 1710 5280 poerritens,
1729 5211 1787 5267 nisi

130 5272 171 5326 cet
188 5271 226 5326 ad
239 5273 365 5342 priuatas
379 5272 498 5343 injurias
517 5275 699 5350 rtindioondas
712 5275 759 5330 boc
773 5275 928 5346 adjumento
982 5279 1058 5335 bomo
1069 5280 1158 5335 naras
1166 5280 1221 5335 sibi
1226 5282 1241 5334 t
1255 5282 1289 5337 Ut
1302 5282 1418 5352 acupiat
1428 5283 1545 5349 ueniam,
1559 5281 1592 5337 de
1601 5283 1787 5353 seipsoeuiqit

130 5343 280 5398 abutentes.
301 5344 369 5399 Haec
379 5342 424 5399 ittc
438 5343 529 5415 paucis
543 5343 712 5402 intermissis.
978 5365 1098 5421 panum

164 5405 253 5469 tfloe
265 5413 370 5487 insigne
382 5414 599 5473 mortificationis
610 5415 767 5489 exemplum
781 5416 809 5472 in
824 5417 928 5476 Daride
1017 5424 1029 5453 ⁶
1048 5420 1163 5477 Basilius
1181 5421 1209 5478 in
1230 5421 1306 5480 hunc
1323 5422 1416 5481 locum
1438 5445 1444 5481 :
1466 5426 1530 5494 Orsa
1541 5442 1592 5496 per
1605 5425 1676 5482 diem
1692 5440 1786 5496 praua

128 5482 327 5542 commendans
340 5488 377 5541 D.
394 5484 523 5543 imbros.
536 5487 583 5544 tib.
598 5486 632 5544 de
646 5495 740 5543 saneto
751 5486 837 5544 Jacob
850 5489 926 5562 (dap.
980 5493 1104 5562 capitatis
1114 5495 1237 5559 consilia,
1251 5511 1283 5550 ea
1294 5496 1325 5550 in
1337 5496 1468 5552 mbilibus
1477 5500 1571 5553 untn's
1582 5501 1699 5568 ternpore
1711 5497 1785 5568 quie·

129 5559 156 5621 t)
169 5577 175 5611 :
189 5557 281 5624 Quern
294 5555 391 5628 inquit,
402 5557 434 5612 de
444 5559 595 5614 bominibus
604 5559 738 5614 meliorem
751 5564 776 5614 et
785 5559 927 5628 fortiorem
981 5565 1016 5619 tis
1031 5565 1171 5634 curipale,
1184 5568 1266 5636 inque
1277 5582 1322 5622 uos
1335 5570 1406 5639 ipsos
1423 5570 1621 5638 inquisitorem
1635 5569 1784 5625 nstituite.

127 5640 303 5691 assumamus,
311 5644 394 5698 quam
402 5633 523 5685 sanctum
529 5631 629 5693 Dauid,
635 5632 685 5699 qui
689 5632 864 5702 cupiditatem
871 5648 927 5702 qua
980 5635 1016 5690 Et
1026 5650 1171 5704 quarenon
1185 5637 1217 5692 de
1231 5638 1316 5693 uerbis
1330 5643 1356 5695 et
1370 5640 1493 5710 operibus
1507 5641 1610 5696 temtus
1623 5645 1673 5704 est,
1686 5639 1736 5697 sed
1749 5637 1785 5697 ds

126 5702 296 5770 concupierat
308 5715 409 5770 aquam
422 5700 456 5756 da
468 5700 528 5756 lacu
546 5701 677 5757 Bethleem
691 5704 784 5758 bestiti
796 5704 928 5759 interdu-
976 5709 1073 5777 prcus
1091 5709 1321 5777 capitationibus?
1340 5725 1375 5766 ea
1394 5711 1610 5769 abundantibus
1631 5711 1708 5768 dicit
1728 5726 1738 5763 ε
1757 5710 1787 5766 si

127 5783 186 5824 sam
199 5773 326 5836 coercitu,
337 5772 391 5827 sibi
401 5771 570 5840 oulerrenon
580 5775 678 5843 potuit,
686 5777 777 5845 potuit
787 5776 924 5845 minpare.
979 5792 1094 5849 namque
1105 5784 1170 5836 sunt
1180 5781 1344 5851 castiganda
1354 5797 1441 5853 praem
1453 5783 1573 5847 maedis,
1590 5783 1675 5839 multo
1690 5781 1784 5852 mauis

123 5843 196 5900 Nam
207 5858 266 5901 cum
276 5843 339 5901 aliis
348 5845 443 5917 utique
453 5845 924 5916 miuusemninceniamusmitest,
975 5854 1090 5922 propter
1103 5866 1184 5924 opera
1197 5852 1315 5911 etanta
1328 5853 1695 5926 conpunpendaestonima.
1710 5854 1787 5911 Hero
1822 5858 1827 5865 '
