<?xml version="1.0" encoding="UTF-8"?>
<!DOCTYPE html PUBLIC "-//W3C//DTD XHTML 1.0 Transitional//EN"
    "http://www.w3.org/TR/xhtml1/DTD/xhtml1-transitional.dtd">
<html xmlns="http://www.w3.org/1999/xhtml" xml:lang="en" lang="en">
 <head>
  <title>
</title>
<meta http-equiv="Content-Type" content="text/html;charset=utf-8" />
  <meta name='ocr-system' content='tesseract 3.04.00' />
  <meta name='ocr-capabilities' content='ocr_page ocr_carea ocr_par ocr_line ocrx_word'/>
</head>
<body>
  <div class='ocr_page' id='page_1' title='image "./patrologiaecurs29unkngoog_0195.png"; bbox 0 0 3824 6164; ppageno 0'>
   <div class='ocr_carea' id='block_1_1' title="bbox 122 234 1777 313">
    <p class='ocr_par' dir='ltr' id='par_1_1' title="bbox 122 234 1777 313">
     <span class='ocr_line' id='line_1_1' title="bbox 122 234 1777 313; baseline -0.013 -2"><span class='ocrx_word' id='word_1_1' title='bbox 122 256 174 313; x_wconf 77' lang='lat' dir='ltr'><strong>stt</strong></span> <span class='ocrx_word' id='word_1_2' title='bbox 789 240 930 299; x_wconf 74' lang='lat' dir='ltr'><strong>ioannis</strong></span> <span class='ocrx_word' id='word_1_3' title='bbox 947 239 1102 297; x_wconf 77' lang='lat' dir='ltr'><strong>CASSthl</strong></span> <span class='ocrx_word' id='word_1_4' title='bbox 1724 234 1777 290; x_wconf 76' lang='lat' dir='ltr'><strong>tat</strong></span> 
     </span>
    </p>
   </div>
   <div class='ocr_carea' id='block_1_2' title="bbox 120 355 1793 3251">
    <p class='ocr_par' dir='ltr' id='par_1_2' title="bbox 120 355 1793 3156">
     <span class='ocr_line' id='line_1_2' title="bbox 120 355 1781 449; baseline -0.013 -14"><span class='ocrx_word' id='word_1_5' title='bbox 120 378 197 436; x_wconf 91' lang='lat' dir='ltr'><strong>dium</strong></span> <span class='ocrx_word' id='word_1_6' title='bbox 211 376 282 434; x_wconf 87' lang='lat' dir='ltr'><strong>terre</strong></span> <span class='ocrx_word' id='word_1_7' title='bbox 301 390 358 432; x_wconf 92' lang='lat' dir='ltr'><strong>non</strong></span> <span class='ocrx_word' id='word_1_8' title='bbox 371 372 471 449; x_wconf 85' lang='lat' dir='ltr'><strong>potuit,</strong></span> <span class='ocrx_word' id='word_1_9' title='bbox 494 370 599 430; x_wconf 79' lang='lat' dir='ltr'>mederi</span> <span class='ocrx_word' id='word_1_10' title='bbox 614 368 750 444; x_wconf 71' lang='lat' dir='ltr'><strong>¹spiritalis</strong></span> <span class='ocrx_word' id='word_1_11' title='bbox 769 365 835 424; x_wconf 89' lang='lat' dir='ltr'><strong>ierri</strong></span> <span class='ocrx_word' id='word_1_12' title='bbox 849 367 920 424; x_wconf 91' lang='lat' dir='ltr'><strong>inci-</strong></span> <span class='ocrx_word' id='word_1_13' title='bbox 936 371 963 434; x_wconf 77' lang='grc' dir='ltr'>Α</span> <span class='ocrx_word' id='word_1_14' title='bbox 976 365 1130 439; x_wconf 90' lang='lat' dir='ltr'><strong>inquietum</strong></span> <span class='ocrx_word' id='word_1_15' title='bbox 1142 364 1213 422; x_wconf 91' lang='lat' dir='ltr'><strong>inter</strong></span> <span class='ocrx_word' id='word_1_16' title='bbox 1223 376 1272 420; x_wconf 90' lang='lat' dir='ltr'><strong>eos</strong></span> <span class='ocrx_word' id='word_1_17' title='bbox 1284 376 1341 418; x_wconf 89' lang='lat' dir='ltr'><strong>nou</strong></span> <span class='ocrx_word' id='word_1_18' title='bbox 1353 358 1439 417; x_wconf 83' lang='lat' dir='ltr'><strong>fuisse</strong></span> <span class='ocrx_word' id='word_1_19' title='bbox 1452 373 1499 432; x_wconf 89' lang='lat' dir='ltr'><strong>per</strong></span> <span class='ocrx_word' id='word_1_20' title='bbox 1515 355 1605 430; x_wconf 89' lang='lat' dir='ltr'><strong>operis</strong></span> <span class='ocrx_word' id='word_1_21' title='bbox 1619 355 1781 414; x_wconf 79' lang='lat' dir='ltr'>exercitium</span> 
     </span>
     <span class='ocr_line' id='line_1_3' title="bbox 121 449 1788 543; baseline -0.01 -16"><span class='ocrx_word' id='word_1_22' title='bbox 121 471 199 528; x_wconf 89' lang='lat' dir='ltr'><strong>sione</strong></span> <span class='ocrx_word' id='word_1_23' title='bbox 211 476 346 543; x_wconf 88' lang='lat' dir='ltr'><strong>pertentat</strong></span> <span class='ocrx_word' id='word_1_24' title='bbox 357 485 365 523; x_wconf 76' lang='lat' dir='ltr'><strong><em>z</em></strong></span> <span class='ocrx_word' id='word_1_25' title='bbox 377 473 408 523; x_wconf 87' lang='lat' dir='ltr'><strong>ut</strong></span> <span class='ocrx_word' id='word_1_26' title='bbox 418 468 586 524; x_wconf 69' lang='lat' dir='ltr'><strong>subtrahatis</strong></span> <span class='ocrx_word' id='word_1_27' title='bbox 596 462 797 535; x_wconf 74' lang='lat' dir='ltr'><strong>sosinquiens,</strong></span> <span class='ocrx_word' id='word_1_28' title='bbox 809 462 926 516; x_wconf 69' lang='lat' dir='ltr'><strong>monaci</strong></span> <span class='ocrx_word' id='word_1_29' title='bbox 978 460 1159 533; x_wconf 86' lang='lat' dir='ltr'><strong>comprobare</strong></span> <span class='ocrx_word' id='word_1_30' title='bbox 1177 473 1225 516; x_wconf 88' lang='lat' dir='ltr'><strong>eos</strong></span> <span class='ocrx_word' id='word_1_31' title='bbox 1244 457 1293 531; x_wconf 93' lang='lat' dir='ltr'><strong>qui</strong></span> <span class='ocrx_word' id='word_1_32' title='bbox 1314 454 1421 529; x_wconf 89' lang='lat' dir='ltr'><strong>operari</strong></span> <span class='ocrx_word' id='word_1_33' title='bbox 1443 453 1551 522; x_wconf 89' lang='lat' dir='ltr'><strong>nolunt,</strong></span> <span class='ocrx_word' id='word_1_34' title='bbox 1573 449 1683 509; x_wconf 88' lang='lat' dir='ltr'><strong>abunde</strong></span> <span class='ocrx_word' id='word_1_35' title='bbox 1707 459 1788 510; x_wconf 91' lang='lat' dir='ltr'><strong>notat</strong></span> 
     </span>
     <span class='ocr_line' id='line_1_4' title="bbox 121 546 1784 634; baseline -0.009 -14"><span class='ocrx_word' id='word_1_36' title='bbox 121 567 213 634; x_wconf 73' lang='lat' dir='ltr'><strong>fratre</strong></span> <span class='ocrx_word' id='word_1_37' title='bbox 222 563 377 619; x_wconf 82' lang='lat' dir='ltr'><strong>ambulante</strong></span> <span class='ocrx_word' id='word_1_38' title='bbox 385 561 540 616; x_wconf 80' lang='lat' dir='ltr'><strong>inordinate</strong></span> <span class='ocrx_word' id='word_1_39' title='bbox 550 556 792 614; x_wconf 79' lang='lat' dir='ltr'><strong>etamsauadam</strong></span> <span class='ocrx_word' id='word_1_40' title='bbox 801 554 926 610; x_wconf 81' lang='lat' dir='ltr'><strong>traditio-</strong></span> <span class='ocrx_word' id='word_1_41' title='bbox 979 555 1123 613; x_wconf 68' lang='lat' dir='ltr'><strong>otiositatis</strong></span> <span class='ocrx_word' id='word_1_42' title='bbox 1145 553 1209 610; x_wconf 90' lang='lat' dir='ltr'><strong>vitio</strong></span> <span class='ocrx_word' id='word_1_43' title='bbox 1229 550 1495 624; x_wconf 65' lang='lat' dir='ltr'><strong>inquietosfsemper</strong></span> <span class='ocrx_word' id='word_1_44' title='bbox 1516 546 1669 603; x_wconf 60' lang='lat' dir='ltr'><strong>existeres</strong></span> <span class='ocrx_word' id='word_1_45' title='bbox 1692 549 1784 618; x_wconf 86' lang='lat' dir='ltr'><strong>Neque</strong></span> 
     </span>
     <span class='ocr_line' id='line_1_5' title="bbox 124 639 1784 729; baseline -0.011 -13"><span class='ocrx_word' id='word_1_46' title='bbox 124 675 195 723; x_wconf 86' lang='lat' dir='ltr'><strong>nem,</strong></span> <span class='ocrx_word' id='word_1_47' title='bbox 210 674 292 729; x_wconf 81' lang='lat' dir='ltr'><strong>qaam</strong></span> <span class='ocrx_word' id='word_1_48' title='bbox 306 653 592 726; x_wconf 79' lang='lat' dir='ltr'><strong>acceperuataaobr&#39;s.</strong></span> <span class='ocrx_word' id='word_1_49' title='bbox 607 653 705 723; x_wconf 90' lang='lat' dir='ltr'><strong>ltaque</strong></span> <span class='ocrx_word' id='word_1_50' title='bbox 718 649 754 706; x_wconf 92' lang='lat' dir='ltr'><strong>ab</strong></span> <span class='ocrx_word' id='word_1_51' title='bbox 766 648 810 705; x_wconf 87' lang='lat' dir='ltr'><strong>bis</strong></span> <span class='ocrx_word' id='word_1_52' title='bbox 819 647 866 721; x_wconf 92' lang='lat' dir='ltr'><strong>qui</strong></span> <span class='ocrx_word' id='word_1_53' title='bbox 881 662 926 704; x_wconf 84' lang='lat' dir='ltr'><strong>va·</strong></span> <span class='ocrx_word' id='word_1_54' title='bbox 979 652 1068 720; x_wconf 80' lang='lat' dir='ltr'><strong>pratis</strong></span> <span class='ocrx_word' id='word_1_55' title='bbox 1089 663 1189 720; x_wconf 85' lang='lat' dir='ltr'><strong>panem</strong></span> <span class='ocrx_word' id='word_1_56' title='bbox 1201 647 1424 704; x_wconf 75' lang='lat' dir='ltr'><strong>manducavimus</strong></span> <span class='ocrx_word' id='word_1_57' title='bbox 1444 643 1480 698; x_wconf 88' lang='lat' dir='ltr'><strong>ab</strong></span> <span class='ocrx_word' id='word_1_58' title='bbox 1496 642 1599 711; x_wconf 80' lang='lat' dir='ltr'><strong>aliquo.</strong></span> <span class='ocrx_word' id='word_1_59' title='bbox 1612 639 1784 713; x_wconf 81' lang='lat' dir='ltr'><strong>Persingnla</strong></span> 
     </span>
     <span class='ocr_line' id='line_1_6' title="bbox 123 732 1783 823; baseline -0.009 -16"><span class='ocrx_word' id='word_1_60' title='bbox 123 766 185 808; x_wconf 90' lang='lat' dir='ltr'><strong>care</strong></span> <span class='ocrx_word' id='word_1_61' title='bbox 199 732 274 823; x_wconf 87' lang='lat' dir='ltr'><strong>operi</strong></span> <span class='ocrx_word' id='word_1_62' title='bbox 293 750 403 814; x_wconf 89' lang='lat' dir='ltr'><strong>nolunt,</strong></span> <span class='ocrx_word' id='word_1_63' title='bbox 416 746 496 819; x_wconf 79' lang='lat' dir='ltr'><strong>jubet</strong></span> <span class='ocrx_word' id='word_1_64' title='bbox 513 743 651 812; x_wconf 80' lang='lat' dir='ltr'><strong>subtrahi,</strong></span> <span class='ocrx_word' id='word_1_65' title='bbox 672 751 700 799; x_wconf 91' lang='lat' dir='ltr'><strong>et</strong></span> <span class='ocrx_word' id='word_1_66' title='bbox 714 741 789 798; x_wconf 85' lang='lat' dir='ltr'><strong>velut</strong></span> <span class='ocrx_word' id='word_1_67' title='bbox 802 738 927 797; x_wconf 84' lang='lat' dir='ltr'><strong>membra</strong></span> <span class='ocrx_word' id='word_1_68' title='bbox 979 743 1062 800; x_wconf 85' lang='lat' dir='ltr'><strong>serha</strong></span> <span class='ocrx_word' id='word_1_69' title='bbox 1073 741 1302 815; x_wconf 72' lang='lat' dir='ltr'><strong>interpretationis</strong></span> <span class='ocrx_word' id='word_1_70' title='bbox 1313 737 1438 796; x_wconf 79' lang='lat' dir='ltr'><strong>auxesim</strong></span> <span class='ocrx_word' id='word_1_71' title='bbox 1450 734 1515 792; x_wconf 85' lang='lat' dir='ltr'><strong>iacit</strong></span> <span class='ocrx_word' id='word_1_72' title='bbox 1530 737 1636 790; x_wconf 85' lang='lat' dir='ltr'><strong>Doctor</strong></span> <span class='ocrx_word' id='word_1_73' title='bbox 1647 733 1783 806; x_wconf 90' lang='lat' dir='ltr'><strong>gentium.</strong></span> 
     </span>
     <span class='ocr_line' id='line_1_7' title="bbox 127 828 1784 915; baseline -0.012 -14"><span class='ocrx_word' id='word_1_74' title='bbox 127 844 176 901; x_wconf 92' lang='lat' dir='ltr'><strong>otii</strong></span> <span class='ocrx_word' id='word_1_75' title='bbox 191 852 318 915; x_wconf 90' lang='lat' dir='ltr'><strong>corrupta</strong></span> <span class='ocrx_word' id='word_1_76' title='bbox 330 840 472 915; x_wconf 85' lang='lat' dir='ltr'><strong>putredine</strong></span> <span class='ocrx_word' id='word_1_77' title='bbox 486 839 620 897; x_wconf 84' lang='lat' dir='ltr'><strong>desecari:</strong></span> <span class='ocrx_word' id='word_1_78' title='bbox 631 854 666 894; x_wconf 92' lang='lat' dir='ltr'><strong>ne</strong></span> <span class='ocrx_word' id='word_1_79' title='bbox 677 836 785 893; x_wconf 86' lang='lat' dir='ltr'><strong>inertiae</strong></span> <span class='ocrx_word' id='word_1_80' title='bbox 799 833 926 902; x_wconf 82' lang='lat' dir='ltr'><strong>morbos,</strong></span> <span class='ocrx_word' id='word_1_81' title='bbox 981 837 1143 896; x_wconf 82' lang='lat' dir='ltr'><strong>Praedicator</strong></span> <span class='ocrx_word' id='word_1_82' title='bbox 1165 834 1305 908; x_wconf 76' lang='lat' dir='ltr'><strong>Evangelii</strong></span> <span class='ocrx_word' id='word_1_83' title='bbox 1326 833 1391 892; x_wconf 89' lang='lat' dir='ltr'><strong>dicit</strong></span> <span class='ocrx_word' id='word_1_84' title='bbox 1410 847 1440 888; x_wconf 88' lang='lat' dir='ltr'><strong>se</strong></span> <span class='ocrx_word' id='word_1_85' title='bbox 1461 845 1518 887; x_wconf 90' lang='lat' dir='ltr'><strong>non</strong></span> <span class='ocrx_word' id='word_1_86' title='bbox 1533 828 1616 903; x_wconf 88' lang='lat' dir='ltr'><strong>gratis</strong></span> <span class='ocrx_word' id='word_1_87' title='bbox 1634 843 1734 901; x_wconf 89' lang='lat' dir='ltr'><strong>panem</strong></span> <span class='ocrx_word' id='word_1_88' title='bbox 1748 828 1784 887; x_wconf 84' lang='lat' dir='ltr'><strong>ab</strong></span> 
     </span>
     <span class='ocr_line' id='line_1_8' title="bbox 128 923 1784 1009; baseline -0.007 -17"><span class='ocrx_word' id='word_1_89' title='bbox 128 938 203 993; x_wconf 85' lang='lat' dir='ltr'><strong>velut</strong></span> <span class='ocrx_word' id='word_1_90' title='bbox 218 936 317 994; x_wconf 90' lang='lat' dir='ltr'><strong>lethale</strong></span> <span class='ocrx_word' id='word_1_91' title='bbox 339 935 511 1009; x_wconf 80' lang='lat' dir='ltr'><strong>contagium,</strong></span> <span class='ocrx_word' id='word_1_92' title='bbox 529 934 613 990; x_wconf 88' lang='lat' dir='ltr'><strong>ctiam</strong></span> <span class='ocrx_word' id='word_1_93' title='bbox 629 946 710 988; x_wconf 85' lang='lat' dir='ltr'><strong>sanas</strong></span> <span class='ocrx_word' id='word_1_94' title='bbox 735 928 928 987; x_wconf 87' lang='lat' dir='ltr'><strong>membrorum</strong></span> <span class='ocrx_word' id='word_1_95' title='bbox 980 932 1073 1006; x_wconf 89' lang='lat' dir='ltr'><strong>aliquo</strong></span> <span class='ocrx_word' id='word_1_96' title='bbox 1083 929 1275 999; x_wconf 72' lang='lat' dir='ltr'><strong>manducasse,</strong></span> <span class='ocrx_word' id='word_1_97' title='bbox 1290 927 1336 1001; x_wconf 93' lang='lat' dir='ltr'><strong>qui</strong></span> <span class='ocrx_word' id='word_1_98' title='bbox 1350 927 1427 984; x_wconf 86' lang='lat' dir='ltr'><strong>norit</strong></span> <span class='ocrx_word' id='word_1_99' title='bbox 1439 923 1593 981; x_wconf 89' lang='lat' dir='ltr'><strong>Dominum</strong></span> <span class='ocrx_word' id='word_1_100' title='bbox 1609 923 1784 996; x_wconf 71' lang='lat' dir='ltr'><strong>praeepims,</strong></span> 
     </span>
     <span class='ocr_line' id='line_1_9' title="bbox 127 1014 1786 1104; baseline -0.009 -16"><span class='ocrx_word' id='word_1_101' title='bbox 127 1039 218 1104; x_wconf 86' lang='lat' dir='ltr'><strong>partes</strong></span> <span class='ocrx_word' id='word_1_102' title='bbox 229 1031 293 1087; x_wconf 88' lang='lat' dir='ltr'><strong>tabe</strong></span> <span class='ocrx_word' id='word_1_103' title='bbox 303 1038 427 1103; x_wconf 79' lang='lat' dir='ltr'><strong>serpente</strong></span> <span class='ocrx_word' id='word_1_104' title='bbox 441 1034 617 1099; x_wconf 79' lang='lat' dir='ltr'><strong>eomumpat3</strong></span> <span class='ocrx_word' id='word_1_105' title='bbox 637 1025 815 1097; x_wconf 86' lang='lat' dir='ltr'><strong>dicturusque</strong></span> <span class='ocrx_word' id='word_1_106' title='bbox 832 1023 866 1080; x_wconf 89' lang='lat' dir='ltr'><strong>de</strong></span> <span class='ocrx_word' id='word_1_107' title='bbox 885 1021 928 1079; x_wconf 88' lang='lat' dir='ltr'><strong>bis</strong></span> <span class='ocrx_word' id='word_1_108' title='bbox 980 1032 1013 1081; x_wconf 93' lang='lat' dir='ltr'><strong>ut</strong></span> <span class='ocrx_word' id='word_1_109' title='bbox 1026 1023 1072 1096; x_wconf 92' lang='lat' dir='ltr'><strong>qui</strong></span> <span class='ocrx_word' id='word_1_110' title='bbox 1093 1021 1272 1094; x_wconf 82' lang='lat' dir='ltr'><strong>Evangelium</strong></span> <span class='ocrx_word' id='word_1_111' title='bbox 1286 1017 1447 1076; x_wconf 84' lang='lat' dir='ltr'><strong>denuntient</strong></span> <span class='ocrx_word' id='word_1_112' title='bbox 1467 1015 1503 1073; x_wconf 92' lang='lat' dir='ltr'><strong>de</strong></span> <span class='ocrx_word' id='word_1_113' title='bbox 1523 1014 1671 1088; x_wconf 81' lang='lat' dir='ltr'><strong>Evangelio</strong></span> <span class='ocrx_word' id='word_1_114' title='bbox 1695 1015 1786 1072; x_wconf 80' lang='lat' dir='ltr'><strong>vivant</strong></span> 
     </span>
     <span class='ocr_line' id='line_1_10' title="bbox 126 1109 1786 1198; baseline -0.008 -19"><span class='ocrx_word' id='word_1_115' title='bbox 126 1124 171 1197; x_wconf 92' lang='lat' dir='ltr'><strong>qui</strong></span> <span class='ocrx_word' id='word_1_116' title='bbox 186 1125 293 1198; x_wconf 89' lang='lat' dir='ltr'><strong>operari</strong></span> <span class='ocrx_word' id='word_1_117' title='bbox 306 1123 436 1180; x_wconf 90' lang='lat' dir='ltr'><strong>manibus</strong></span> <span class='ocrx_word' id='word_1_118' title='bbox 447 1122 504 1178; x_wconf 92' lang='lat' dir='ltr'><strong>suis</strong></span> <span class='ocrx_word' id='word_1_119' title='bbox 512 1120 620 1187; x_wconf 90' lang='lat' dir='ltr'><strong>nolunt,</strong></span> <span class='ocrx_word' id='word_1_120' title='bbox 632 1126 658 1175; x_wconf 90' lang='lat' dir='ltr'><strong>ct</strong></span> <span class='ocrx_word' id='word_1_121' title='bbox 667 1133 765 1190; x_wconf 88' lang='lat' dir='ltr'><strong>panem</strong></span> <span class='ocrx_word' id='word_1_122' title='bbox 774 1132 855 1174; x_wconf 82' lang='lat' dir='ltr'><strong>mum</strong></span> <span class='ocrx_word' id='word_1_123' title='bbox 864 1130 929 1173; x_wconf 89' lang='lat' dir='ltr'><strong>cum</strong></span> <span class='ocrx_word' id='word_1_124' title='bbox 984 1119 997 1174; x_wconf 96' lang='lat' dir='ltr'><strong>l</strong></span> <span class='ocrx_word' id='word_1_125' title='bbox 1010 1118 1069 1175; x_wconf 68' lang='lat' dir='ltr'><strong>car,</strong></span> <span class='ocrx_word' id='word_1_126' title='bbox 1083 1118 1145 1185; x_wconf 70' lang='lat' dir='ltr'><strong>tx),</strong></span> <span class='ocrx_word' id='word_1_127' title='bbox 1158 1123 1185 1171; x_wconf 93' lang='lat' dir='ltr'><strong>et</strong></span> <span class='ocrx_word' id='word_1_128' title='bbox 1196 1127 1307 1171; x_wconf 89' lang='lat' dir='ltr'><strong>rursum</strong></span> <span class='ocrx_word' id='word_1_129' title='bbox 1322 1131 1329 1169; x_wconf 91' lang='lat'>:</span> <span class='ocrx_word' id='word_1_130' title='bbox 1342 1115 1448 1183; x_wconf 60' lang='lat' dir='ltr'><strong>mons</strong></span> <span class='ocrx_word' id='word_1_131' title='bbox 1461 1115 1503 1166; x_wconf 90' lang='lat' dir='ltr'><strong>est</strong></span> <span class='ocrx_word' id='word_1_132' title='bbox 1516 1111 1656 1180; x_wconf 74' lang='lat' dir='ltr'><strong>operamus</strong></span> <span class='ocrx_word' id='word_1_133' title='bbox 1668 1109 1726 1165; x_wconf 84' lang='lat' dir='ltr'><strong>cibo</strong></span> <span class='ocrx_word' id='word_1_134' title='bbox 1737 1124 1786 1166; x_wconf 87' lang='lat' dir='ltr'><strong>sua</strong></span> 
     </span>
     <span class='ocr_line' id='line_1_11' title="bbox 125 1201 1787 1287; baseline -0.01 -12"><span class='ocrx_word' id='word_1_135' title='bbox 125 1218 234 1276; x_wconf 91' lang='lat' dir='ltr'><strong>silentio</strong></span> <span class='ocrx_word' id='word_1_136' title='bbox 247 1217 452 1286; x_wconf 69' lang='lat' dir='ltr'><strong>manducares</strong></span> <span class='ocrx_word' id='word_1_137' title='bbox 467 1214 569 1287; x_wconf 91' lang='lat' dir='ltr'><strong>quibus</strong></span> <span class='ocrx_word' id='word_1_138' title='bbox 581 1213 664 1269; x_wconf 87' lang='lat' dir='ltr'><strong>etlam</strong></span> <span class='ocrx_word' id='word_1_139' title='bbox 679 1211 810 1284; x_wconf 73' lang='lat' dir='ltr'><strong>pracepit</strong></span> <span class='ocrx_word' id='word_1_140' title='bbox 822 1207 930 1266; x_wconf 89' lang='lat' dir='ltr'><strong>subtra-</strong></span> <span class='ocrx_word' id='word_1_141' title='bbox 983 1211 1095 1284; x_wconf 74' lang='lat' dir='ltr'><strong>(Matth.</strong></span> <span class='ocrx_word' id='word_1_142' title='bbox 1108 1216 1151 1275; x_wconf 77' lang='grc' dir='ltr'><strong>ι).</strong></span> <span class='ocrx_word' id='word_1_143' title='bbox 1164 1207 1335 1278; x_wconf 80' lang='lat' dir='ltr'><strong>comiteque</strong></span> <span class='ocrx_word' id='word_1_144' title='bbox 1349 1205 1464 1278; x_wconf 92' lang='lat' dir='ltr'><strong>[utique]</strong></span> <span class='ocrx_word' id='word_1_145' title='bbox 1477 1218 1533 1260; x_wconf 90' lang='lat' dir='ltr'><strong>non</strong></span> <span class='ocrx_word' id='word_1_146' title='bbox 1544 1202 1627 1276; x_wconf 86' lang='lat' dir='ltr'><strong>gratis</strong></span> <span class='ocrx_word' id='word_1_147' title='bbox 1638 1201 1685 1274; x_wconf 92' lang='lat' dir='ltr'><strong>qui</strong></span> <span class='ocrx_word' id='word_1_148' title='bbox 1701 1205 1787 1259; x_wconf 81' lang='lat' dir='ltr'><strong>Evan-</strong></span> 
     </span>
     <span class='ocr_line' id='line_1_12' title="bbox 127 1293 1787 1383; baseline -0.008 -16"><span class='ocrx_word' id='word_1_149' title='bbox 127 1311 268 1381; x_wconf 88' lang='lat' dir='ltr'><strong>hendum;</strong></span> <span class='ocrx_word' id='word_1_150' title='bbox 282 1309 409 1383; x_wconf 85' lang='lat' dir='ltr'><strong>qualibus</strong></span> <span class='ocrx_word' id='word_1_151' title='bbox 418 1323 491 1366; x_wconf 82' lang='lat' dir='ltr'><strong>eost</strong></span> <span class='ocrx_word' id='word_1_152' title='bbox 510 1307 646 1380; x_wconf 86' lang='lat' dir='ltr'><strong>principio</strong></span> <span class='ocrx_word' id='word_1_153' title='bbox 658 1303 811 1377; x_wconf 81' lang='lat' dir='ltr'><strong>opprobriis</strong></span> <span class='ocrx_word' id='word_1_154' title='bbox 825 1303 929 1371; x_wconf 89' lang='lat' dir='ltr'><strong>inurat,</strong></span> <span class='ocrx_word' id='word_1_155' title='bbox 983 1304 1084 1378; x_wconf 91' lang='lat' dir='ltr'><strong>getium</strong></span> <span class='ocrx_word' id='word_1_156' title='bbox 1102 1299 1277 1374; x_wconf 78' lang='lat' dir='ltr'><strong>praedicabat,</strong></span> <span class='ocrx_word' id='word_1_157' title='bbox 1296 1306 1354 1356; x_wconf 91' lang='lat' dir='ltr'><strong>tam</strong></span> <span class='ocrx_word' id='word_1_158' title='bbox 1376 1297 1496 1356; x_wconf 88' lang='lat' dir='ltr'><strong>sublime</strong></span> <span class='ocrx_word' id='word_1_159' title='bbox 1515 1312 1547 1353; x_wconf 90' lang='lat' dir='ltr'><strong>ae</strong></span> <span class='ocrx_word' id='word_1_160' title='bbox 1568 1293 1689 1368; x_wconf 86' lang='lat' dir='ltr'><strong>spiritale</strong></span> <span class='ocrx_word' id='word_1_161' title='bbox 1714 1309 1787 1368; x_wconf 87' lang='lat' dir='ltr'><strong>opus</strong></span> 
     </span>
     <span class='ocr_line' id='line_1_13' title="bbox 127 1389 1787 1475; baseline -0.006 -16"><span class='ocrx_word' id='word_1_162' title='bbox 127 1402 271 1460; x_wconf 89' lang='lat' dir='ltr'><strong>attendite.</strong></span> <span class='ocrx_word' id='word_1_163' title='bbox 288 1405 319 1459; x_wconf 94' lang='lat' dir='ltr'><strong>ln</strong></span> <span class='ocrx_word' id='word_1_164' title='bbox 334 1403 429 1475; x_wconf 87' lang='lat' dir='ltr'><strong>primis</strong></span> <span class='ocrx_word' id='word_1_165' title='bbox 441 1401 614 1458; x_wconf 87' lang='lat' dir='ltr'><strong>inordinatos</strong></span> <span class='ocrx_word' id='word_1_166' title='bbox 624 1399 699 1466; x_wconf 88' lang='lat' dir='ltr'><strong>dicit,</strong></span> <span class='ocrx_word' id='word_1_167' title='bbox 711 1413 763 1454; x_wconf 89' lang='lat' dir='ltr'><strong>nee</strong></span> <span class='ocrx_word' id='word_1_168' title='bbox 776 1394 929 1453; x_wconf 80' lang='lat' dir='ltr'><strong>meandum</strong></span> <span class='ocrx_word' id='word_1_169' title='bbox 982 1412 1120 1466; x_wconf 82' lang='lat' dir='ltr'><strong>exercens,</strong></span> <span class='ocrx_word' id='word_1_170' title='bbox 1141 1396 1235 1453; x_wconf 91' lang='lat' dir='ltr'><strong>cibum</strong></span> <span class='ocrx_word' id='word_1_171' title='bbox 1250 1394 1300 1451; x_wconf 91' lang='lat' dir='ltr'><strong>sibi</strong></span> <span class='ocrx_word' id='word_1_172' title='bbox 1314 1392 1468 1450; x_wconf 83' lang='lat' dir='ltr'><strong>Dominicae</strong></span> <span class='ocrx_word' id='word_1_173' title='bbox 1477 1390 1610 1464; x_wconf 90' lang='lat' dir='ltr'><strong>jussionis</strong></span> <span class='ocrx_word' id='word_1_174' title='bbox 1625 1389 1787 1449; x_wconf 84' lang='lat' dir='ltr'><strong>auctoritate</strong></span> 
     </span>
     <span class='ocr_line' id='line_1_14' title="bbox 126 1485 1788 1566; baseline -0.005 -14"><span class='ocrx_word' id='word_1_175' title='bbox 126 1511 205 1553; x_wconf 88' lang='lat' dir='ltr'><strong>suam</strong></span> <span class='ocrx_word' id='word_1_176' title='bbox 219 1495 396 1552; x_wconf 88' lang='lat' dir='ltr'><strong>traditionem</strong></span> <span class='ocrx_word' id='word_1_177' title='bbox 418 1495 577 1551; x_wconf 85' lang='lat' dir='ltr'><strong>ambulare:</strong></span> <span class='ocrx_word' id='word_1_178' title='bbox 595 1491 654 1550; x_wconf 88' lang='lat' dir='ltr'><strong>aliis</strong></span> <span class='ocrx_word' id='word_1_179' title='bbox 674 1490 765 1549; x_wconf 89' lang='lat' dir='ltr'><strong>rerhis</strong></span> <span class='ocrx_word' id='word_1_180' title='bbox 780 1498 930 1546; x_wconf 92' lang='lat' dir='ltr'><strong>contuma·</strong></span> <span class='ocrx_word' id='word_1_181' title='bbox 982 1488 1263 1566; x_wconf 66' lang='lat' dir='ltr'><strong>praesumeret„quid</strong></span> <span class='ocrx_word' id='word_1_182' title='bbox 1277 1503 1328 1544; x_wconf 90' lang='lat' dir='ltr'><strong>nos</strong></span> <span class='ocrx_word' id='word_1_183' title='bbox 1343 1485 1485 1556; x_wconf 89' lang='lat' dir='ltr'><strong>iaciemus,</strong></span> <span class='ocrx_word' id='word_1_184' title='bbox 1507 1486 1607 1557; x_wconf 86' lang='lat' dir='ltr'><strong>quibus</strong></span> <span class='ocrx_word' id='word_1_185' title='bbox 1626 1500 1685 1542; x_wconf 91' lang='lat' dir='ltr'><strong>non</strong></span> <span class='ocrx_word' id='word_1_186' title='bbox 1697 1485 1788 1543; x_wconf 87' lang='lat' dir='ltr'><strong>solum</strong></span> 
     </span>
     <span class='ocr_line' id='line_1_15' title="bbox 128 1579 1788 1660; baseline -0.005 -15"><span class='ocrx_word' id='word_1_187' title='bbox 128 1603 174 1645; x_wconf 87' lang='lat' dir='ltr'><strong>cas</strong></span> <span class='ocrx_word' id='word_1_188' title='bbox 186 1603 244 1659; x_wconf 91' lang='lat' dir='ltr'><strong>eos,</strong></span> <span class='ocrx_word' id='word_1_189' title='bbox 264 1596 360 1660; x_wconf 90' lang='lat' dir='ltr'><strong>utpote</strong></span> <span class='ocrx_word' id='word_1_190' title='bbox 371 1589 418 1660; x_wconf 88' lang='lat' dir='ltr'><strong>qui</strong></span> <span class='ocrx_word' id='word_1_191' title='bbox 439 1588 545 1643; x_wconf 91' lang='lat' dir='ltr'><strong>nollent</strong></span> <span class='ocrx_word' id='word_1_192' title='bbox 557 1585 637 1658; x_wconf 84' lang='lat' dir='ltr'><strong>jutta</strong></span> <span class='ocrx_word' id='word_1_193' title='bbox 651 1582 851 1641; x_wconf 87' lang='lat' dir='ltr'><strong>institutionem</strong></span> <span class='ocrx_word' id='word_1_194' title='bbox 871 1581 931 1655; x_wconf 79' lang='lat' dir='ltr'><strong>ejus</strong></span> <span class='ocrx_word' id='word_1_195' title='bbox 984 1588 1059 1644; x_wconf 89' lang='lat' dir='ltr'><strong>nulla</strong></span> <span class='ocrx_word' id='word_1_196' title='bbox 1081 1585 1236 1659; x_wconf 77' lang='lat' dir='ltr'><strong>pradicatio</strong></span> <span class='ocrx_word' id='word_1_197' title='bbox 1259 1583 1334 1640; x_wconf 85' lang='lat' dir='ltr'><strong>verbi</strong></span> <span class='ocrx_word' id='word_1_198' title='bbox 1357 1581 1505 1640; x_wconf 87' lang='lat' dir='ltr'><strong>commissa</strong></span> <span class='ocrx_word' id='word_1_199' title='bbox 1519 1589 1572 1650; x_wconf 90' lang='lat' dir='ltr'><strong>est,</strong></span> <span class='ocrx_word' id='word_1_200' title='bbox 1594 1580 1644 1638; x_wconf 87' lang='lat' dir='ltr'><strong>sed</strong></span> <span class='ocrx_word' id='word_1_201' title='bbox 1662 1596 1714 1637; x_wconf 91' lang='lat' dir='ltr'><strong>nec</strong></span> <span class='ocrx_word' id='word_1_202' title='bbox 1731 1579 1788 1640; x_wconf 84' lang='lat' dir='ltr'><strong>ulla</strong></span> 
     </span>
     <span class='ocr_line' id='line_1_16' title="bbox 129 1676 1788 1755; baseline -0.009 -5"><span class='ocrx_word' id='word_1_203' title='bbox 129 1680 265 1750; x_wconf 59' lang='lat' dir='ltr'><strong>incidere,</strong></span> <span class='ocrx_word' id='word_1_204' title='bbox 280 1691 309 1738; x_wconf 66' lang='lat' dir='ltr'><strong>el</strong></span> <span class='ocrx_word' id='word_1_205' title='bbox 321 1682 482 1738; x_wconf 67' lang='lat' dir='ltr'><strong>issh⁰1¹⁰⁸l⁰³</strong></span> <span class='ocrx_word' id='word_1_206' title='bbox 499 1695 560 1736; x_wconf 72' lang='lat'><strong>0⁸⁸0</strong></span> <span class='ocrx_word' id='word_1_207' title='bbox 572 1677 731 1752; x_wconf 60' lang='lat' dir='ltr'><strong>disignent,</strong></span> <span class='ocrx_word' id='word_1_208' title='bbox 745 1676 773 1733; x_wconf 75' lang='lat' dir='ltr'><strong>id</strong></span> <span class='ocrx_word' id='word_1_209' title='bbox 788 1685 841 1744; x_wconf 67' lang='lat'><strong>⁰⁵¹2</strong></span> <span class='ocrx_word' id='word_1_210' title='bbox 851 1678 864 1708; x_wconf 84' lang='lat'><strong>¹</strong></span> <span class='ocrx_word' id='word_1_211' title='bbox 875 1689 932 1731; x_wconf 74' lang='lat'><strong>1¹0⁰</strong></span> <span class='ocrx_word' id='word_1_212' title='bbox 985 1681 1107 1755; x_wconf 86' lang='lat' dir='ltr'><strong>quidem,</strong></span> <span class='ocrx_word' id='word_1_213' title='bbox 1125 1680 1177 1737; x_wconf 89' lang='lat' dir='ltr'><strong>uisi</strong></span> <span class='ocrx_word' id='word_1_214' title='bbox 1191 1679 1290 1736; x_wconf 79' lang='lat' dir='ltr'><strong>animat</strong></span> <span class='ocrx_word' id='word_1_215' title='bbox 1308 1687 1411 1735; x_wconf 82' lang='lat' dir='ltr'><strong>nostrae</strong></span> <span class='ocrx_word' id='word_1_216' title='bbox 1435 1677 1519 1744; x_wconf 89' lang='lat' dir='ltr'><strong>solius</strong></span> <span class='ocrx_word' id='word_1_217' title='bbox 1533 1692 1598 1733; x_wconf 90' lang='lat' dir='ltr'><strong>cura</strong></span> <span class='ocrx_word' id='word_1_218' title='bbox 1612 1676 1788 1734; x_wconf 79' lang='lat' dir='ltr'><strong>mandatur?</strong></span> 
     </span>
     <span class='ocr_line' id='line_1_17' title="bbox 127 1762 1788 1846; baseline -0.003 -16"><span class='ocrx_word' id='word_1_219' title='bbox 127 1774 322 1846; x_wconf 86' lang='lat' dir='ltr'><strong>processionis,</strong></span> <span class='ocrx_word' id='word_1_220' title='bbox 344 1788 401 1830; x_wconf 91' lang='grc' dir='ltr'><strong>ιιοιι</strong></span> <span class='ocrx_word' id='word_1_221' title='bbox 418 1773 591 1842; x_wconf 79' lang='lat' dir='ltr'><strong>visitationis,</strong></span> <span class='ocrx_word' id='word_1_222' title='bbox 614 1786 671 1827; x_wconf 92' lang='lat' dir='ltr'><strong>non</strong></span> <span class='ocrx_word' id='word_1_223' title='bbox 685 1768 770 1837; x_wconf 91' lang='lat' dir='ltr'><strong>verbi,</strong></span> <span class='ocrx_word' id='word_1_224' title='bbox 785 1783 844 1825; x_wconf 88' lang='lat' dir='ltr'><strong>nou</strong></span> <span class='ocrx_word' id='word_1_225' title='bbox 857 1775 927 1824; x_wconf 90' lang='lat' dir='ltr'><strong>tem·</strong></span> <span class='ocrx_word' id='word_1_226' title='bbox 943 1762 995 1840; x_wconf 70' lang='lat' dir='ltr'><strong>ssd</strong></span> <span class='ocrx_word' id='word_1_227' title='bbox 1015 1777 1075 1845; x_wconf 82' lang='lat' dir='ltr'><strong>Qua</strong></span> <span class='ocrx_word' id='word_1_228' title='bbox 1099 1772 1197 1830; x_wconf 82' lang='lat' dir='ltr'><strong>fiducia</strong></span> <span class='ocrx_word' id='word_1_229' title='bbox 1212 1772 1308 1829; x_wconf 79' lang='lat' dir='ltr'><strong>odosis</strong></span> <span class='ocrx_word' id='word_1_230' title='bbox 1328 1770 1455 1828; x_wconf 86' lang='lat' dir='ltr'><strong>manibus</strong></span> <span class='ocrx_word' id='word_1_231' title='bbox 1479 1770 1564 1842; x_wconf 88' lang='lat' dir='ltr'><strong>gratis</strong></span> <span class='ocrx_word' id='word_1_232' title='bbox 1587 1784 1687 1841; x_wconf 89' lang='lat' dir='ltr'><strong>panem</strong></span> <span class='ocrx_word' id='word_1_233' title='bbox 1706 1783 1788 1825; x_wconf 87' lang='lat' dir='ltr'><strong>eom·</strong></span> 
     </span>
     <span class='ocr_line' id='line_1_18' title="bbox 128 1863 1789 1941; baseline -0.008 -6"><span class='ocrx_word' id='word_1_234' title='bbox 128 1863 930 1941; x_wconf 59' lang='lat' dir='ltr'><strong>wrisotttlorlltllililemtonttrutmmilitiamqueinclin-</strong></span> <span class='ocrx_word' id='word_1_235' title='bbox 984 1870 1063 1927; x_wconf 90' lang='lat' dir='ltr'><strong>edere</strong></span> <span class='ocrx_word' id='word_1_236' title='bbox 1086 1868 1257 1937; x_wconf 84' lang='lat' dir='ltr'><strong>audebimus,</strong></span> <span class='ocrx_word' id='word_1_237' title='bbox 1275 1882 1358 1940; x_wconf 90' lang='lat' dir='ltr'><strong>quem</strong></span> <span class='ocrx_word' id='word_1_238' title='bbox 1382 1869 1436 1924; x_wconf 87' lang='lat' dir='ltr'><strong>Vas</strong></span> <span class='ocrx_word' id='word_1_239' title='bbox 1458 1865 1608 1934; x_wconf 82' lang='lat' dir='ltr'><strong>electionis,</strong></span> <span class='ocrx_word' id='word_1_240' title='bbox 1630 1863 1789 1936; x_wconf 80' lang='lat' dir='ltr'><strong>evangelica</strong></span> 
     </span>
     <span class='ocr_line' id='line_1_19' title="bbox 130 1955 1789 2034; baseline -0.003 -19"><span class='ocrx_word' id='word_1_241' title='bbox 130 1968 181 2017; x_wconf 88' lang='lat' dir='ltr'><strong>tes.</strong></span> <span class='ocrx_word' id='word_1_242' title='bbox 197 1959 334 2018; x_wconf 86' lang='lat' dir='ltr'><strong>Omnibus</strong></span> <span class='ocrx_word' id='word_1_243' title='bbox 345 1961 420 2017; x_wconf 92' lang='lat' dir='ltr'><strong>enim</strong></span> <span class='ocrx_word' id='word_1_244' title='bbox 434 1960 495 2016; x_wconf 87' lang='lat' dir='ltr'><strong>istis</strong></span> <span class='ocrx_word' id='word_1_245' title='bbox 508 1958 581 2015; x_wconf 76' lang='lat' dir='ltr'><strong>titiis</strong></span> <span class='ocrx_word' id='word_1_246' title='bbox 594 1957 779 2015; x_wconf 88' lang='lat' dir='ltr'><strong>inordinatum</strong></span> <span class='ocrx_word' id='word_1_247' title='bbox 794 1969 931 2028; x_wconf 89' lang='lat' dir='ltr'><strong>quemque</strong></span> <span class='ocrx_word' id='word_1_248' title='bbox 983 1961 1163 2019; x_wconf 80' lang='lat' dir='ltr'><strong>sollicitudine</strong></span> <span class='ocrx_word' id='word_1_249' title='bbox 1177 1967 1204 2016; x_wconf 83' lang='lat' dir='ltr'><strong>et</strong></span> <span class='ocrx_word' id='word_1_250' title='bbox 1217 1958 1410 2034; x_wconf 77' lang='lat' dir='ltr'><strong>praedimtione</strong></span> <span class='ocrx_word' id='word_1_251' title='bbox 1433 1956 1610 2024; x_wconf 86' lang='lat' dir='ltr'><strong>constrictus,</strong></span> <span class='ocrx_word' id='word_1_252' title='bbox 1621 1955 1679 2012; x_wconf 89' lang='lat' dir='ltr'><strong>sine</strong></span> <span class='ocrx_word' id='word_1_253' title='bbox 1701 1968 1789 2026; x_wconf 78' lang='lat' dir='ltr'><strong>opera</strong></span> 
     </span>
     <span class='ocr_line' id='line_1_20' title="bbox 129 2051 1788 2127; baseline -0.008 -17"><span class='ocrx_word' id='word_1_254' title='bbox 129 2068 238 2111; x_wconf 71' lang='lat' dir='ltr'><strong>necesse</strong></span> <span class='ocrx_word' id='word_1_255' title='bbox 252 2062 294 2110; x_wconf 73' lang='lat' dir='ltr'><strong>tsi</strong></span> <span class='ocrx_word' id='word_1_256' title='bbox 312 2055 462 2125; x_wconf 75' lang='lat' dir='ltr'><strong>subjacere.</strong></span> <span class='ocrx_word' id='word_1_257' title='bbox 478 2056 513 2109; x_wconf 77' lang='lat' dir='ltr'><strong>Et</strong></span> <span class='ocrx_word' id='word_1_258' title='bbox 526 2069 580 2109; x_wconf 84' lang='lat' dir='ltr'><strong>ttott</strong></span> <span class='ocrx_word' id='word_1_259' title='bbox 597 2052 744 2108; x_wconf 75' lang='lat' dir='ltr'><strong>secundum</strong></span> <span class='ocrx_word' id='word_1_260' title='bbox 758 2051 931 2106; x_wconf 70' lang='lat' dir='ltr'><strong>traditionem</strong></span> <span class='ocrx_word' id='word_1_261' title='bbox 985 2071 1116 2113; x_wconf 69' lang='lat' dir='ltr'><strong>manuum</strong></span> <span class='ocrx_word' id='word_1_262' title='bbox 1138 2054 1282 2112; x_wconf 75' lang='lat' dir='ltr'><strong>comedere</strong></span> <span class='ocrx_word' id='word_1_263' title='bbox 1296 2070 1351 2111; x_wconf 81' lang='lat' dir='ltr'><strong>non</strong></span> <span class='ocrx_word' id='word_1_264' title='bbox 1373 2052 1539 2127; x_wconf 78' lang='lat' dir='ltr'><strong>ptaesumlt?</strong></span> <span class='ocrx_word' id='word_1_265' title='bbox 1557 2051 1610 2109; x_wconf 71' lang='lat' dir='ltr'><strong>Sed</strong></span> <span class='ocrx_word' id='word_1_266' title='bbox 1634 2054 1664 2106; x_wconf 75' lang='lat' dir='ltr'><strong>im</strong></span> <span class='ocrx_word' id='word_1_267' title='bbox 1685 2051 1788 2116; x_wconf 72' lang='lat' dir='ltr'><strong>labore,</strong></span> 
     </span>
     <span class='ocr_line' id='line_1_21' title="bbox 131 2143 1789 2221; baseline -0.002 -19"><span class='ocrx_word' id='word_1_268' title='bbox 131 2163 213 2215; x_wconf 88' lang='lat' dir='ltr'><strong>qaam</strong></span> <span class='ocrx_word' id='word_1_269' title='bbox 230 2152 388 2217; x_wconf 79' lang='lat' dir='ltr'><strong>acceperant</strong></span> <span class='ocrx_word' id='word_1_270' title='bbox 401 2163 419 2200; x_wconf 90' lang='lat' dir='ltr'><strong>a</strong></span> <span class='ocrx_word' id='word_1_271' title='bbox 444 2147 538 2201; x_wconf 82' lang='lat' dir='ltr'><strong>nohis:</strong></span> <span class='ocrx_word' id='word_1_272' title='bbox 563 2153 591 2201; x_wconf 92' lang='lat' dir='ltr'><strong>et</strong></span> <span class='ocrx_word' id='word_1_273' title='bbox 614 2145 643 2200; x_wconf 92' lang='lat' dir='ltr'><strong>in</strong></span> <span class='ocrx_word' id='word_1_274' title='bbox 668 2144 722 2201; x_wconf 89' lang='lat' dir='ltr'><strong>hoc</strong></span> <span class='ocrx_word' id='word_1_275' title='bbox 745 2143 860 2200; x_wconf 87' lang='lat' dir='ltr'><strong>rebelles</strong></span> <span class='ocrx_word' id='word_1_276' title='bbox 882 2158 931 2201; x_wconf 87' lang='lat' dir='ltr'><strong>ens</strong></span> <span class='ocrx_word' id='word_1_277' title='bbox 983 2149 1117 2221; x_wconf 73' lang='lat' dir='ltr'><strong>inquitet</strong></span> <span class='ocrx_word' id='word_1_278' title='bbox 1130 2151 1303 2219; x_wconf 72' lang='lat' dir='ltr'><strong>fatigatione,</strong></span> <span class='ocrx_word' id='word_1_279' title='bbox 1318 2152 1394 2204; x_wconf 84' lang='lat' dir='ltr'><strong>nocte</strong></span> <span class='ocrx_word' id='word_1_280' title='bbox 1409 2148 1649 2217; x_wconf 81' lang='lat' dir='ltr'><strong>etaieoperaates,</strong></span> <span class='ocrx_word' id='word_1_281' title='bbox 1664 2158 1789 2214; x_wconf 81' lang='lat' dir='ltr'><strong>nequem</strong></span> 
     </span>
     <span class='ocr_line' id='line_1_22' title="bbox 130 2236 1790 2314; baseline -0.007 -19"><span class='ocrx_word' id='word_1_282' title='bbox 130 2237 337 2312; x_wconf 90' lang='lat' dir='ltr'><strong>quodammodo</strong></span> <span class='ocrx_word' id='word_1_283' title='bbox 349 2245 375 2294; x_wconf 93' lang='lat' dir='ltr'><strong>et</strong></span> <span class='ocrx_word' id='word_1_284' title='bbox 385 2245 587 2310; x_wconf 90' lang='lat' dir='ltr'><strong>contemptores</strong></span> <span class='ocrx_word' id='word_1_285' title='bbox 599 2237 743 2308; x_wconf 90' lang='lat' dir='ltr'><strong>notat,qui</strong></span> <span class='ocrx_word' id='word_1_286' title='bbox 754 2236 936 2294; x_wconf 81' lang='lat' dir='ltr'><strong>traditionem</strong></span> <span class='ocrx_word' id='word_1_287' title='bbox 984 2250 1102 2301; x_wconf 66' lang='lat' dir='ltr'><strong>tresorum</strong></span> <span class='ocrx_word' id='word_1_288' title='bbox 1111 2259 1284 2314; x_wconf 63' lang='lat' dir='ltr'><strong>preparemus</strong></span> <span class='ocrx_word' id='word_1_289' title='bbox 1296 2243 1328 2313; x_wconf 81' lang='grc' dir='ltr'><strong>(ιι</strong></span> <span class='ocrx_word' id='word_1_290' title='bbox 1343 2243 1432 2298; x_wconf 63' lang='lat' dir='ltr'><strong>ptem,</strong></span> <span class='ocrx_word' id='word_1_291' title='bbox 1446 2240 1503 2311; x_wconf 69' lang='grc' dir='ltr'><strong>ιη),</strong></span> <span class='ocrx_word' id='word_1_292' title='bbox 1514 2236 1790 2297; x_wconf 60' lang='lat' dir='ltr'><strong>,sincipitamenta</strong></span> 
     </span>
     <span class='ocr_line' id='line_1_23' title="bbox 132 2331 1791 2411; baseline -0.013 -4"><span class='ocrx_word' id='word_1_293' title='bbox 132 2349 215 2407; x_wconf 58' lang='grc' dir='ltr'><strong>ΨΜ]</strong></span> <span class='ocrx_word' id='word_1_294' title='bbox 229 2340 392 2406; x_wconf 58' lang='lat' dir='ltr'><strong>mitium</strong></span> <span class='ocrx_word' id='word_1_295' title='bbox 406 2332 440 2389; x_wconf 70' lang='lat' dir='ltr'><strong>ib</strong></span> <span class='ocrx_word' id='word_1_296' title='bbox 460 2348 504 2402; x_wconf 61' lang='grc' dir='ltr'><strong>θοι</strong></span> <span class='ocrx_word' id='word_1_297' title='bbox 527 2340 620 2389; x_wconf 62' lang='lat' dir='ltr'><strong>lentii</strong></span> <span class='ocrx_word' id='word_1_298' title='bbox 643 2339 859 2401; x_wconf 64' lang='lat' dir='ltr'><strong>0⁰⁰10ffl1¹01³11h</strong></span> <span class='ocrx_word' id='word_1_299' title='bbox 881 2344 932 2387; x_wconf 71' lang='lat'><strong>¹100</strong></span> <span class='ocrx_word' id='word_1_300' title='bbox 984 2354 1043 2395; x_wconf 81' lang='lat' dir='ltr'><strong>sua</strong></span> <span class='ocrx_word' id='word_1_301' title='bbox 1060 2337 1244 2410; x_wconf 85' lang='lat' dir='ltr'><strong>castigationis</strong></span> <span class='ocrx_word' id='word_1_302' title='bbox 1266 2344 1418 2411; x_wconf 86' lang='lat' dir='ltr'><strong>exaggerat.</strong></span> <span class='ocrx_word' id='word_1_303' title='bbox 1447 2338 1511 2392; x_wconf 91' lang='lat' dir='ltr'><strong>Non</strong></span> <span class='ocrx_word' id='word_1_304' title='bbox 1529 2333 1602 2391; x_wconf 90' lang='lat' dir='ltr'><strong>enim</strong></span> <span class='ocrx_word' id='word_1_305' title='bbox 1625 2331 1791 2404; x_wconf 90' lang='lat' dir='ltr'><strong>simpliciter</strong></span> 
     </span>
     <span class='ocr_line' id='line_1_24' title="bbox 132 2420 1790 2501; baseline -0.008 -22"><span class='ocrx_word' id='word_1_306' title='bbox 132 2423 231 2480; x_wconf 92' lang='lat' dir='ltr'><strong>imitari</strong></span> <span class='ocrx_word' id='word_1_307' title='bbox 246 2423 343 2479; x_wconf 87' lang='lat' dir='ltr'><strong>velient</strong></span> <span class='ocrx_word' id='word_1_308' title='bbox 358 2423 397 2490; x_wconf 90' lang='lat' dir='ltr'><strong>id,</strong></span> <span class='ocrx_word' id='word_1_309' title='bbox 409 2423 483 2495; x_wconf 89' lang='lat' dir='ltr'><strong>quod</strong></span> <span class='ocrx_word' id='word_1_310' title='bbox 497 2423 661 2495; x_wconf 88' lang='lat' dir='ltr'><strong>magistrum</strong></span> <span class='ocrx_word' id='word_1_311' title='bbox 675 2422 833 2479; x_wconf 89' lang='lat' dir='ltr'><strong>nonsolum</strong></span> <span class='ocrx_word' id='word_1_312' title='bbox 848 2420 931 2478; x_wconf 86' lang='lat' dir='ltr'><strong>verbo</strong></span> <span class='ocrx_word' id='word_1_313' title='bbox 984 2429 1063 2498; x_wconf 66' lang='lat' dir='ltr'><strong>diiii,</strong></span> <span class='ocrx_word' id='word_1_314' title='bbox 1077 2446 1133 2487; x_wconf 73' lang='lat' dir='ltr'><strong>non</strong></span> <span class='ocrx_word' id='word_1_315' title='bbox 1150 2428 1321 2486; x_wconf 62' lang='lat' dir='ltr'><strong>comedimus</strong></span> <span class='ocrx_word' id='word_1_316' title='bbox 1342 2444 1441 2501; x_wconf 64' lang='lat' dir='ltr'><strong>panem</strong></span> <span class='ocrx_word' id='word_1_317' title='bbox 1462 2427 1546 2501; x_wconf 58' lang='lat' dir='ltr'><strong>grati,</strong></span> <span class='ocrx_word' id='word_1_318' title='bbox 1569 2425 1603 2482; x_wconf 63' lang='lat' dir='ltr'><strong>ab</strong></span> <span class='ocrx_word' id='word_1_319' title='bbox 1626 2422 1719 2496; x_wconf 62' lang='lat' dir='ltr'><strong>aliquo</strong></span> <span class='ocrx_word' id='word_1_320' title='bbox 1738 2436 1790 2480; x_wconf 62' lang='lat' dir='ltr'><strong>ve.</strong></span> 
     </span>
     <span class='ocr_line' id='line_1_25' title="bbox 132 2516 1790 2596; baseline -0.008 -22"><span class='ocrx_word' id='word_1_321' title='bbox 132 2516 259 2576; x_wconf 85' lang='lat' dir='ltr'><strong>docuisse</strong></span> <span class='ocrx_word' id='word_1_322' title='bbox 273 2519 459 2583; x_wconf 86' lang='lat' dir='ltr'><strong>meminerint,</strong></span> <span class='ocrx_word' id='word_1_323' title='bbox 474 2517 619 2575; x_wconf 88' lang='lat' dir='ltr'><strong>sedetiam</strong></span> <span class='ocrx_word' id='word_1_324' title='bbox 634 2533 717 2590; x_wconf 89' lang='lat' dir='ltr'><strong>apere</strong></span> <span class='ocrx_word' id='word_1_325' title='bbox 730 2517 858 2575; x_wconf 83' lang='lat' dir='ltr'><strong>noverint</strong></span> <span class='ocrx_word' id='word_1_326' title='bbox 868 2530 931 2590; x_wconf 93' lang='lat' dir='ltr'><strong>per·</strong></span> <span class='ocrx_word' id='word_1_327' title='bbox 984 2532 1084 2594; x_wconf 67' lang='lat' dir='ltr'><strong>mmm,</strong></span> <span class='ocrx_word' id='word_1_328' title='bbox 1099 2533 1128 2581; x_wconf 68' lang='lat' dir='ltr'><strong>ee</strong></span> <span class='ocrx_word' id='word_1_329' title='bbox 1146 2523 1287 2596; x_wconf 60' lang='lat' dir='ltr'><strong>hucusque</strong></span> <span class='ocrx_word' id='word_1_330' title='bbox 1301 2523 1386 2591; x_wconf 63' lang='lat' dir='ltr'><strong>sperit,</strong></span> <span class='ocrx_word' id='word_1_331' title='bbox 1412 2529 1519 2596; x_wconf 64' lang='lat' dir='ltr'><strong>poterat</strong></span> <span class='ocrx_word' id='word_1_332' title='bbox 1531 2520 1605 2577; x_wconf 60' lang='lat' dir='ltr'><strong>enim</strong></span> <span class='ocrx_word' id='word_1_333' title='bbox 1618 2517 1703 2574; x_wconf 61' lang='lat' dir='ltr'><strong>videre</strong></span> <span class='ocrx_word' id='word_1_334' title='bbox 1720 2533 1790 2591; x_wconf 65' lang='lat' dir='ltr'><strong>pro.</strong></span> 
     </span>
     <span class='ocr_line' id='line_1_26' title="bbox 133 2609 1792 2691; baseline -0.01 -6"><span class='ocrx_word' id='word_1_335' title='bbox 133 2611 237 2670; x_wconf 57' lang='lat' dir='ltr'><strong>fiilissi·</strong></span> <span class='ocrx_word' id='word_1_336' title='bbox 252 2616 310 2684; x_wconf 84' lang='lat' dir='ltr'><strong>ipsi</strong></span> <span class='ocrx_word' id='word_1_337' title='bbox 322 2616 393 2668; x_wconf 64' lang='lat' dir='ltr'><strong>enim</strong></span> <span class='ocrx_word' id='word_1_338' title='bbox 410 2615 484 2669; x_wconf 63' lang='lat' dir='ltr'><strong>iiiiii</strong></span> <span class='ocrx_word' id='word_1_339' title='bbox 495 2613 720 2683; x_wconf 59' lang='lat' dir='ltr'><strong>immittit</strong></span> <span class='ocrx_word' id='word_1_340' title='bbox 736 2615 856 2682; x_wconf 68' lang='lat' dir='ltr'><strong>Opttitssl</strong></span> <span class='ocrx_word' id='word_1_341' title='bbox 867 2612 933 2666; x_wconf 63' lang='lat' dir='ltr'><strong>‘&#39;mi-</strong></span> <span class='ocrx_word' id='word_1_342' title='bbox 985 2617 1046 2691; x_wconf 83' lang='lat' dir='ltr'><strong>pria</strong></span> <span class='ocrx_word' id='word_1_343' title='bbox 1070 2617 1211 2690; x_wconf 81' lang='lat' dir='ltr'><strong>otiumque</strong></span> <span class='ocrx_word' id='word_1_344' title='bbox 1233 2624 1347 2690; x_wconf 91' lang='lat' dir='ltr'><strong>sumptu</strong></span> <span class='ocrx_word' id='word_1_345' title='bbox 1372 2632 1403 2672; x_wconf 86' lang='lat' dir='ltr'><strong>ac</strong></span> <span class='ocrx_word' id='word_1_346' title='bbox 1422 2614 1563 2672; x_wconf 84' lang='lat' dir='ltr'><strong>recondita</strong></span> <span class='ocrx_word' id='word_1_347' title='bbox 1585 2610 1710 2685; x_wconf 68' lang='lat' dir='ltr'><strong>pecunia</strong></span> <span class='ocrx_word' id='word_1_348' title='bbox 1744 2609 1792 2668; x_wconf 80' lang='lat' dir='ltr'><strong>sel</strong></span> 
     </span>
     <span class='ocr_line' id='line_1_27' title="bbox 133 2703 1792 2779; baseline -0.001 -17"><span class='ocrx_word' id='word_1_349' title='bbox 133 2709 252 2763; x_wconf 75' lang='lat' dir='ltr'><strong>tomam.</strong></span> <span class='ocrx_word' id='word_1_350' title='bbox 264 2708 418 2763; x_wconf 88' lang='lat' dir='ltr'><strong>immanem</strong></span> <span class='ocrx_word' id='word_1_351' title='bbox 430 2705 573 2763; x_wconf 91' lang='lat' dir='ltr'><strong>cumulum</strong></span> <span class='ocrx_word' id='word_1_352' title='bbox 587 2704 803 2779; x_wconf 84' lang='lat' dir='ltr'><strong>reprehensionis</strong></span> <span class='ocrx_word' id='word_1_353' title='bbox 817 2720 931 2778; x_wconf 78' lang='lat' dir='ltr'><strong>exagge-</strong></span> <span class='ocrx_word' id='word_1_354' title='bbox 985 2711 1114 2779; x_wconf 90' lang='lat' dir='ltr'><strong>aliorum,</strong></span> <span class='ocrx_word' id='word_1_355' title='bbox 1125 2710 1189 2768; x_wconf 90' lang='lat' dir='ltr'><strong>lieet</strong></span> <span class='ocrx_word' id='word_1_356' title='bbox 1200 2727 1257 2768; x_wconf 91' lang='lat' dir='ltr'><strong>non</strong></span> <span class='ocrx_word' id='word_1_357' title='bbox 1270 2711 1400 2778; x_wconf 89' lang='lat' dir='ltr'><strong>istorum,</strong></span> <span class='ocrx_word' id='word_1_358' title='bbox 1414 2708 1560 2765; x_wconf 88' lang='lat' dir='ltr'><strong>collatione</strong></span> <span class='ocrx_word' id='word_1_359' title='bbox 1572 2721 1620 2763; x_wconf 91' lang='lat' dir='ltr'><strong>seu</strong></span> <span class='ocrx_word' id='word_1_360' title='bbox 1630 2703 1792 2762; x_wconf 84' lang='lat' dir='ltr'><strong>muneribus</strong></span> 
     </span>
     <span class='ocr_line' id='line_1_28' title="bbox 132 2798 1792 2872; baseline -0.008 -7"><span class='ocrx_word' id='word_1_361' title='bbox 132 2807 186 2865; x_wconf 69' lang='lat' dir='ltr'><strong>fil,</strong></span> <span class='ocrx_word' id='word_1_362' title='bbox 207 2815 273 2856; x_wconf 70' lang='lat' dir='ltr'><strong>tum</strong></span> <span class='ocrx_word' id='word_1_363' title='bbox 293 2799 347 2856; x_wconf 78' lang='lat' dir='ltr'><strong>hoc</strong></span> <span class='ocrx_word' id='word_1_364' title='bbox 369 2813 417 2855; x_wconf 65' lang='lat'><strong>208</strong></span> <span class='ocrx_word' id='word_1_365' title='bbox 436 2799 534 2856; x_wconf 75' lang='lat' dir='ltr'><strong>asserit</strong></span> <span class='ocrx_word' id='word_1_366' title='bbox 557 2814 613 2855; x_wconf 84' lang='lat' dir='ltr'><strong>non</strong></span> <span class='ocrx_word' id='word_1_367' title='bbox 631 2799 787 2866; x_wconf 83' lang='lat' dir='ltr'><strong>observate,</strong></span> <span class='ocrx_word' id='word_1_368' title='bbox 809 2798 883 2871; x_wconf 89' lang='lat' dir='ltr'><strong>quod</strong></span> <span class='ocrx_word' id='word_1_369' title='bbox 904 2806 935 2857; x_wconf 86' lang='lat' dir='ltr'><strong>et</strong></span> <span class='ocrx_word' id='word_1_370' title='bbox 986 2812 1155 2862; x_wconf 88' lang='lat' dir='ltr'><strong>sustentatus</strong></span> <span class='ocrx_word' id='word_1_371' title='bbox 1172 2803 1266 2872; x_wconf 86' lang='lat' dir='ltr'><strong>inisse,</strong></span> <span class='ocrx_word' id='word_1_372' title='bbox 1286 2804 1333 2859; x_wconf 86' lang='lat' dir='ltr'><strong>sert</strong></span> <span class='ocrx_word' id='word_1_373' title='bbox 1349 2806 1378 2858; x_wconf 83' lang='lat' dir='ltr'><strong>ia</strong></span> <span class='ocrx_word' id='word_1_374' title='bbox 1399 2802 1497 2864; x_wconf 84' lang='lat' dir='ltr'><strong>labore,</strong></span> <span class='ocrx_word' id='word_1_375' title='bbox 1516 2798 1615 2872; x_wconf 91' lang='lat' dir='ltr'><strong>inquit,</strong></span> <span class='ocrx_word' id='word_1_376' title='bbox 1629 2798 1792 2867; x_wconf 71' lang='lat' dir='ltr'><strong>{stipatione</strong></span> 
     </span>
     <span class='ocr_line' id='line_1_29' title="bbox 134 2889 1792 2969; baseline -0.001 -21"><span class='ocrx_word' id='word_1_377' title='bbox 134 2893 276 2950; x_wconf 88' lang='lat' dir='ltr'><strong>memoriae</strong></span> <span class='ocrx_word' id='word_1_378' title='bbox 288 2909 386 2950; x_wconf 88' lang='lat' dir='ltr'><strong>eorum</strong></span> <span class='ocrx_word' id='word_1_379' title='bbox 400 2893 542 2961; x_wconf 83' lang='lat' dir='ltr'><strong>inlraereat,</strong></span> <span class='ocrx_word' id='word_1_380' title='bbox 554 2901 583 2949; x_wconf 89' lang='lat' dir='ltr'><strong>et</strong></span> <span class='ocrx_word' id='word_1_381' title='bbox 594 2891 629 2949; x_wconf 88' lang='lat' dir='ltr'><strong>ad</strong></span> <span class='ocrx_word' id='word_1_382' title='bbox 643 2892 808 2950; x_wconf 90' lang='lat' dir='ltr'><strong>imitandum</strong></span> <span class='ocrx_word' id='word_1_383' title='bbox 819 2908 933 2951; x_wconf 87' lang='lat' dir='ltr'><strong>nonsa-</strong></span> <span class='ocrx_word' id='word_1_384' title='bbox 986 2904 1059 2955; x_wconf 83' lang='lat' dir='ltr'><strong>eocte</strong></span> <span class='ocrx_word' id='word_1_385' title='bbox 1071 2915 1102 2953; x_wconf 89' lang='lat' dir='ltr'><strong>ac</strong></span> <span class='ocrx_word' id='word_1_386' title='bbox 1116 2900 1160 2954; x_wconf 87' lang='lat' dir='ltr'><strong>die</strong></span> <span class='ocrx_word' id='word_1_387' title='bbox 1170 2902 1316 2969; x_wconf 80' lang='lat' dir='ltr'><strong>operantes,</strong></span> <span class='ocrx_word' id='word_1_388' title='bbox 1328 2896 1355 2953; x_wconf 91' lang='lat' dir='ltr'><strong>id</strong></span> <span class='ocrx_word' id='word_1_389' title='bbox 1368 2905 1420 2966; x_wconf 86' lang='lat' dir='ltr'><strong>est,</strong></span> <span class='ocrx_word' id='word_1_390' title='bbox 1433 2903 1529 2952; x_wconf 89' lang='lat' dir='ltr'><strong>nostro</strong></span> <span class='ocrx_word' id='word_1_391' title='bbox 1542 2908 1624 2965; x_wconf 87' lang='lat' dir='ltr'><strong>opere</strong></span> <span class='ocrx_word' id='word_1_392' title='bbox 1635 2889 1792 2964; x_wconf 83' lang='lat' dir='ltr'><strong>specialiter</strong></span> 
     </span>
     <span class='ocr_line' id='line_1_30' title="bbox 133 2984 1792 3062; baseline -0.002 -18"><span class='ocrx_word' id='word_1_393' title='bbox 133 2988 203 3059; x_wconf 89' lang='lat' dir='ltr'><strong>lum,</strong></span> <span class='ocrx_word' id='word_1_394' title='bbox 220 2988 303 3045; x_wconf 87' lang='lat' dir='ltr'><strong>verbo</strong></span> <span class='ocrx_word' id='word_1_395' title='bbox 318 2989 479 3059; x_wconf 87' lang='lat' dir='ltr'><strong>instruente,</strong></span> <span class='ocrx_word' id='word_1_396' title='bbox 497 2988 650 3056; x_wconf 86' lang='lat' dir='ltr'><strong>didicerint,</strong></span> <span class='ocrx_word' id='word_1_397' title='bbox 671 2987 826 3058; x_wconf 86' lang='lat' dir='ltr'><strong>sedetiam,</strong></span> <span class='ocrx_word' id='word_1_398' title='bbox 840 3003 933 3046; x_wconf 81' lang='lat' dir='ltr'><strong>exem·</strong></span> <span class='ocrx_word' id='word_1_399' title='bbox 986 2991 1139 3047; x_wconf 87' lang='lat' dir='ltr'><strong>sustentati.</strong></span> <span class='ocrx_word' id='word_1_400' title='bbox 1153 2993 1189 3047; x_wconf 89' lang='lat' dir='ltr'><strong>Et</strong></span> <span class='ocrx_word' id='word_1_401' title='bbox 1202 2990 1265 3057; x_wconf 87' lang='lat' dir='ltr'><strong>boc,</strong></span> <span class='ocrx_word' id='word_1_402' title='bbox 1283 2989 1382 3062; x_wconf 91' lang='lat' dir='ltr'><strong>inquit,</strong></span> <span class='ocrx_word' id='word_1_403' title='bbox 1402 3004 1458 3045; x_wconf 91' lang='lat' dir='ltr'><strong>uon</strong></span> <span class='ocrx_word' id='word_1_404' title='bbox 1478 2995 1637 3060; x_wconf 86' lang='lat' dir='ltr'><strong>pronastro</strong></span> <span class='ocrx_word' id='word_1_405' title='bbox 1653 2984 1792 3042; x_wconf 84' lang='lat' dir='ltr'><strong>rduntate</strong></span> 
     </span>
     <span class='ocr_line' id='line_1_31' title="bbox 134 3078 1793 3156; baseline -0.002 -18"><span class='ocrx_word' id='word_1_406' title='bbox 134 3082 178 3154; x_wconf 89' lang='lat' dir='ltr'><strong>plo</strong></span> <span class='ocrx_word' id='word_1_407' title='bbox 190 3098 305 3155; x_wconf 86' lang='lat' dir='ltr'><strong>operum</strong></span> <span class='ocrx_word' id='word_1_408' title='bbox 319 3082 495 3155; x_wconf 71' lang='lat' dir='ltr'><strong>ptoiomntt,</strong></span> <span class='ocrx_word' id='word_1_409' title='bbox 508 3082 685 3153; x_wconf 68' lang='lat' dir='ltr'><strong>susceperint·</strong></span> <span class='ocrx_word' id='word_1_410' title='bbox 987 3083 1220 3156; x_wconf 86' lang='lat' dir='ltr'><strong>perpetrabamus,</strong></span> <span class='ocrx_word' id='word_1_411' title='bbox 1236 3098 1286 3139; x_wconf 88' lang='lat' dir='ltr'><strong>nec</strong></span> <span class='ocrx_word' id='word_1_412' title='bbox 1306 3081 1559 3155; x_wconf 86' lang='lat' dir='ltr'><strong>pradelectatione,</strong></span> <span class='ocrx_word' id='word_1_413' title='bbox 1578 3087 1611 3136; x_wconf 94' lang='lat' dir='ltr'><strong>ut</strong></span> <span class='ocrx_word' id='word_1_414' title='bbox 1634 3078 1743 3150; x_wconf 82' lang='lat' dir='ltr'><strong>requies</strong></span> <span class='ocrx_word' id='word_1_415' title='bbox 1761 3084 1793 3135; x_wconf 85' lang='lat' dir='ltr'><strong>et</strong></span> 
     </span>
    </p>

    <p class='ocr_par' dir='ltr' id='par_1_3' title="bbox 424 3171 1793 3251">
     <span class='ocr_line' id='line_1_32' title="bbox 424 3171 1793 3251; baseline -0.009 -10"><span class='ocrx_word' id='word_1_416' title='bbox 424 3184 546 3241; x_wconf 73' lang='lat' dir='ltr'><strong>CAPUT</strong></span> <span class='ocrx_word' id='word_1_417' title='bbox 564 3185 640 3239; x_wconf 89' lang='lat' dir='ltr'><strong>vttl.</strong></span> <span class='ocrx_word' id='word_1_418' title='bbox 950 3173 1149 3237; x_wconf 82' lang='lat' dir='ltr'><strong>Ceremitium</strong></span> <span class='ocrx_word' id='word_1_419' title='bbox 1168 3177 1290 3251; x_wconf 75' lang='lat' dir='ltr'><strong>comatis</strong></span> <span class='ocrx_word' id='word_1_420' title='bbox 1311 3176 1454 3245; x_wconf 88' lang='lat' dir='ltr'><strong>inritabat,</strong></span> <span class='ocrx_word' id='word_1_421' title='bbox 1475 3173 1523 3233; x_wconf 90' lang='lat' dir='ltr'><strong>sed</strong></span> <span class='ocrx_word' id='word_1_422' title='bbox 1548 3182 1579 3230; x_wconf 92' lang='lat' dir='ltr'><strong>ut</strong></span> <span class='ocrx_word' id='word_1_423' title='bbox 1591 3171 1739 3229; x_wconf 83' lang='lat' dir='ltr'><strong>necessitas</strong></span> <span class='ocrx_word' id='word_1_424' title='bbox 1761 3178 1793 3229; x_wconf 85' lang='lat' dir='ltr'><strong>et</strong></span> 
     </span>
    </p>
   </div>
   <div class='ocr_carea' id='block_1_3' title="bbox 137 3264 1792 3437">
    <p class='ocr_par' dir='ltr' id='par_1_4' title="bbox 137 3264 1792 3437">
     <span class='ocr_line' id='line_1_33' title="bbox 137 3264 1792 3353; baseline -0.008 -16"><span class='ocrx_word' id='word_1_425' title='bbox 137 3281 932 3353; x_wconf 71' lang='lat' dir='ltr'><strong>Quodneoessesittapaietumesseeampeciopercmonppm</strong></span> <span class='ocrx_word' id='word_1_426' title='bbox 985 3270 1076 3344; x_wconf 89' lang='lat' dir='ltr'><strong>inopia</strong></span> <span class='ocrx_word' id='word_1_427' title='bbox 1097 3271 1184 3328; x_wconf 87' lang='lat' dir='ltr'><strong>victus</strong></span> <span class='ocrx_word' id='word_1_428' title='bbox 1205 3287 1262 3328; x_wconf 93' lang='lat' dir='ltr'><strong>non</strong></span> <span class='ocrx_word' id='word_1_429' title='bbox 1277 3271 1337 3327; x_wconf 89' lang='lat' dir='ltr'><strong>sine</strong></span> <span class='ocrx_word' id='word_1_430' title='bbox 1359 3269 1462 3342; x_wconf 85' lang='lat' dir='ltr'><strong>lugenti</strong></span> <span class='ocrx_word' id='word_1_431' title='bbox 1486 3266 1642 3341; x_wconf 80' lang='lat' dir='ltr'><strong>fatigatione</strong></span> <span class='ocrx_word' id='word_1_432' title='bbox 1665 3264 1792 3338; x_wconf 87' lang='lat' dir='ltr'><strong>corporis</strong></span> 
     </span>
     <span class='ocr_line' id='line_1_34' title="bbox 296 3355 1792 3437; baseline -0.011 -8"><span class='ocrx_word' id='word_1_433' title='bbox 296 3369 408 3409; x_wconf 59' lang='lat' dir='ltr'><strong>mamm</strong></span> <span class='ocrx_word' id='word_1_434' title='bbox 422 3355 770 3410; x_wconf 58' lang='lat' dir='ltr'><strong>”⁰²²²‘1115038000122miitt</strong></span> <span class='ocrx_word' id='word_1_435' title='bbox 986 3363 1077 3422; x_wconf 85' lang='lat' dir='ltr'><strong>iacere</strong></span> <span class='ocrx_word' id='word_1_436' title='bbox 1089 3364 1279 3437; x_wconf 88' lang='lat' dir='ltr'><strong>compellebat.</strong></span> <span class='ocrx_word' id='word_1_437' title='bbox 1301 3365 1363 3420; x_wconf 90' lang='lat' dir='ltr'><strong>Non</strong></span> <span class='ocrx_word' id='word_1_438' title='bbox 1383 3362 1473 3418; x_wconf 90' lang='lat' dir='ltr'><strong>solum</strong></span> <span class='ocrx_word' id='word_1_439' title='bbox 1496 3374 1615 3432; x_wconf 91' lang='lat' dir='ltr'><strong>namque</strong></span> <span class='ocrx_word' id='word_1_440' title='bbox 1629 3374 1677 3431; x_wconf 86' lang='lat' dir='ltr'><strong>per</strong></span> <span class='ocrx_word' id='word_1_441' title='bbox 1698 3365 1792 3414; x_wconf 92' lang='lat' dir='ltr'><strong>tutum</strong></span> 
     </span>
    </p>
   </div>
   <div class='ocr_carea' id='block_1_4' title="bbox 170 3446 1790 3532">
    <p class='ocr_par' dir='ltr' id='par_1_5' title="bbox 170 3446 1790 3532">
     <span class='ocr_line' id='line_1_35' title="bbox 170 3446 1790 3532; baseline 0.001 -26"><span class='ocrx_word' id='word_1_442' title='bbox 170 3446 265 3520; x_wconf 68' lang='lat' dir='ltr'><strong>ierta</strong></span> <span class='ocrx_word' id='word_1_443' title='bbox 279 3470 331 3510; x_wconf 83' lang='lat' dir='ltr'><strong>aaa</strong></span> <span class='ocrx_word' id='word_1_444' title='bbox 350 3457 464 3526; x_wconf 83' lang='lat' dir='ltr'><strong>inquieti</strong></span> <span class='ocrx_word' id='word_1_445' title='bbox 476 3458 580 3524; x_wconf 71' lang='lat' dir='ltr'><strong>luimus</strong></span> <span class='ocrx_word' id='word_1_446' title='bbox 599 3457 670 3512; x_wconf 83' lang='lat' dir='ltr'><strong>inter</strong></span> <span class='ocrx_word' id='word_1_447' title='bbox 681 3472 736 3511; x_wconf 84' lang='lat' dir='ltr'><strong>aas.</strong></span> <span class='ocrx_word' id='word_1_448' title='bbox 752 3458 823 3513; x_wconf 88' lang='lat' dir='ltr'><strong>Cum</strong></span> <span class='ocrx_word' id='word_1_449' title='bbox 835 3472 864 3514; x_wconf 90' lang='lat' dir='ltr'><strong>se</strong></span> <span class='ocrx_word' id='word_1_450' title='bbox 877 3456 936 3512; x_wconf 87' lang='lat' dir='ltr'><strong>vult</strong></span> <span class='ocrx_word' id='word_1_451' title='bbox 988 3457 1041 3515; x_wconf 89' lang='lat' dir='ltr'><strong>diei</strong></span> <span class='ocrx_word' id='word_1_452' title='bbox 1054 3460 1183 3532; x_wconf 89' lang='lat' dir='ltr'><strong>spatium,</strong></span> <span class='ocrx_word' id='word_1_453' title='bbox 1199 3458 1247 3515; x_wconf 91' lang='lat' dir='ltr'><strong>sed</strong></span> <span class='ocrx_word' id='word_1_454' title='bbox 1261 3457 1344 3514; x_wconf 92' lang='lat' dir='ltr'><strong>etiam</strong></span> <span class='ocrx_word' id='word_1_455' title='bbox 1358 3455 1445 3512; x_wconf 89' lang='lat' dir='ltr'><strong>noctis</strong></span> <span class='ocrx_word' id='word_1_456' title='bbox 1461 3462 1597 3526; x_wconf 90' lang='lat' dir='ltr'><strong>tempore,</strong></span> <span class='ocrx_word' id='word_1_457' title='bbox 1614 3451 1690 3525; x_wconf 89' lang='lat' dir='ltr'><strong>quod</strong></span> <span class='ocrx_word' id='word_1_458' title='bbox 1703 3450 1790 3524; x_wconf 90' lang='lat' dir='ltr'><strong>quieti</strong></span> 
     </span>
    </p>
   </div>
   <div class='ocr_carea' id='block_1_5' title="bbox 688 3565 1242 3624">
    <p class='ocr_par' dir='ltr' id='par_1_6' title="bbox 688 3565 1242 3624">
     <span class='ocr_line' id='line_1_36' title="bbox 688 3565 1242 3624; baseline 0.005 -5"><span class='ocrx_word' id='word_1_459' title='bbox 688 3565 815 3620; x_wconf 76' lang='lat' dir='ltr'><strong>attunt</strong></span> <span class='ocrx_word' id='word_1_460' title='bbox 833 3565 947 3623; x_wconf 80' lang='lat' dir='ltr'>GAZAEI</span> <span class='ocrx_word' id='word_1_461' title='bbox 964 3566 1242 3624; x_wconf 77' lang='lat' dir='ltr'>COMMENTARIUS.</span> 
     </span>
    </p>
   </div>
   <div class='ocr_carea' id='block_1_6' title="bbox 137 3659 1794 4034">
    <p class='ocr_par' dir='ltr' id='par_1_7' title="bbox 137 3659 1794 4034">
     <span class='ocr_line' id='line_1_37' title="bbox 173 3659 1793 3743; baseline 0.003 -29"><span class='ocrx_word' id='word_1_462' title='bbox 173 3659 349 3743; x_wconf 65' lang='lat' dir='ltr'><strong>&#39;Respicere</strong></span> <span class='ocrx_word' id='word_1_463' title='bbox 363 3659 471 3717; x_wconf 73' lang='lat' dir='ltr'><strong>videtur</strong></span> <span class='ocrx_word' id='word_1_464' title='bbox 493 3660 558 3717; x_wconf 91' lang='lat' dir='ltr'><strong>illud</strong></span> <span class='ocrx_word' id='word_1_465' title='bbox 578 3661 748 3718; x_wconf 82' lang='lat' dir='ltr'><strong>Ecclesiastis</strong></span> <span class='ocrx_word' id='word_1_466' title='bbox 767 3663 843 3734; x_wconf 83' lang='lat' dir='ltr'><strong>(cap.</strong></span> <span class='ocrx_word' id='word_1_467' title='bbox 869 3669 937 3732; x_wconf 84' lang='lat' dir='ltr'><strong>itti:</strong></span> <span class='ocrx_word' id='word_1_468' title='bbox 993 3674 1100 3740; x_wconf 86' lang='lat' dir='ltr'><strong>gustata</strong></span> <span class='ocrx_word' id='word_1_469' title='bbox 1122 3666 1202 3723; x_wconf 90' lang='lat' dir='ltr'><strong>melle</strong></span> <span class='ocrx_word' id='word_1_470' title='bbox 1224 3679 1287 3722; x_wconf 87' lang='lat' dir='ltr'><strong>reus</strong></span> <span class='ocrx_word' id='word_1_471' title='bbox 1308 3662 1501 3722; x_wconf 80' lang='lat' dir='ltr'><strong>exsecrationis</strong></span> <span class='ocrx_word' id='word_1_472' title='bbox 1520 3661 1630 3718; x_wconf 83' lang='lat' dir='ltr'><strong>halitus</strong></span> <span class='ocrx_word' id='word_1_473' title='bbox 1651 3668 1693 3717; x_wconf 81' lang='lat' dir='ltr'><strong>est</strong></span> <span class='ocrx_word' id='word_1_474' title='bbox 1722 3661 1793 3731; x_wconf 69' lang='lat' dir='ltr'><strong>tatu·</strong></span> 
     </span>
     <span class='ocr_line' id='line_1_38' title="bbox 140 3730 1794 3816; baseline 0.001 -30"><span class='ocrx_word' id='word_1_475' title='bbox 140 3730 239 3814; x_wconf 72' lang='grc' dir='ltr'><strong>Οιιιιιιιι</strong></span> <span class='ocrx_word' id='word_1_476' title='bbox 252 3733 481 3814; x_wconf 61' lang='lat' dir='ltr'><strong>tempestatem</strong></span> <span class='ocrx_word' id='word_1_477' title='bbox 497 3737 598 3803; x_wconf 84' lang='lat' dir='ltr'><strong>tempus</strong></span> <span class='ocrx_word' id='word_1_478' title='bbox 612 3735 728 3816; x_wconf 74' lang='lat' dir='ltr'><strong>tacendi,</strong></span> <span class='ocrx_word' id='word_1_479' title='bbox 745 3738 770 3789; x_wconf 88' lang='lat' dir='ltr'><strong>et</strong></span> <span class='ocrx_word' id='word_1_480' title='bbox 785 3739 888 3805; x_wconf 86' lang='lat' dir='ltr'><strong>tempas</strong></span> <span class='ocrx_word' id='word_1_481' title='bbox 902 3737 940 3792; x_wconf 89' lang='lat' dir='ltr'><strong>lo-</strong></span> <span class='ocrx_word' id='word_1_482' title='bbox 993 3743 1065 3808; x_wconf 87' lang='lat' dir='ltr'><strong>pust.</strong></span> <span class='ocrx_word' id='word_1_483' title='bbox 1077 3739 1122 3792; x_wconf 83' lang='lat' dir='ltr'><strong>lib.</strong></span> <span class='ocrx_word' id='word_1_484' title='bbox 1136 3738 1261 3808; x_wconf 77' lang='lat' dir='ltr'><strong>deoperc</strong></span> <span class='ocrx_word' id='word_1_485' title='bbox 1271 3753 1358 3792; x_wconf 84' lang='lat' dir='ltr'><strong>marta.</strong></span> <span class='ocrx_word' id='word_1_486' title='bbox 1368 3753 1391 3791; x_wconf 88' lang='lat' dir='ltr'><strong>e.</strong></span> <span class='ocrx_word' id='word_1_487' title='bbox 1404 3743 1419 3792; x_wconf 84' lang='grc'>3</span> <span class='ocrx_word' id='word_1_488' title='bbox 1430 3740 1455 3791; x_wconf 89' lang='lat' dir='ltr'><strong>et</strong></span> <span class='ocrx_word' id='word_1_489' title='bbox 1467 3741 1505 3801; x_wconf 83' lang='lat' dir='ltr'><strong>t).</strong></span> <span class='ocrx_word' id='word_1_490' title='bbox 1517 3737 1558 3791; x_wconf 87' lang='lat' dir='ltr'><strong>Ne</strong></span> <span class='ocrx_word' id='word_1_491' title='bbox 1576 3741 1603 3789; x_wconf 89' lang='lat' dir='ltr'><strong>at</strong></span> <span class='ocrx_word' id='word_1_492' title='bbox 1612 3740 1703 3789; x_wconf 90' lang='lat' dir='ltr'><strong>autem</strong></span> <span class='ocrx_word' id='word_1_493' title='bbox 1716 3734 1794 3804; x_wconf 78' lang='lat' dir='ltr'><strong>Apo</strong></span> 
     </span>
     <span class='ocr_line' id='line_1_39' title="bbox 139 3750 1792 3886; baseline 0.003 -31"><span class='ocrx_word' id='word_1_494' title='bbox 139 3803 247 3885; x_wconf 60' lang='lat' dir='ltr'><strong>quande,</strong></span> <span class='ocrx_word' id='word_1_495' title='bbox 262 3811 313 3858; x_wconf 92' lang='lat' dir='ltr'><strong>etc.</strong></span> <span class='ocrx_word' id='word_1_496' title='bbox 328 3805 372 3860; x_wconf 84' lang='lat' dir='ltr'><strong>Sic</strong></span> <span class='ocrx_word' id='word_1_497' title='bbox 386 3811 412 3858; x_wconf 89' lang='lat' dir='ltr'><strong>et</strong></span> <span class='ocrx_word' id='word_1_498' title='bbox 432 3808 542 3876; x_wconf 90' lang='lat' dir='ltr'><strong>tempus</strong></span> <span class='ocrx_word' id='word_1_499' title='bbox 552 3804 719 3886; x_wconf 29' lang='lat' dir='ltr'><strong>&#39;procedendi</strong></span> <span class='ocrx_word' id='word_1_500' title='bbox 733 3803 815 3871; x_wconf 86' lang='lat' dir='ltr'><strong>toras,</strong></span> <span class='ocrx_word' id='word_1_501' title='bbox 832 3807 939 3878; x_wconf 88' lang='lat' dir='ltr'><strong>supple,</strong></span> <span class='ocrx_word' id='word_1_502' title='bbox 992 3807 1081 3865; x_wconf 89' lang='lat' dir='ltr'><strong>stolus</strong></span> <span class='ocrx_word' id='word_1_503' title='bbox 1093 3824 1190 3880; x_wconf 91' lang='lat' dir='ltr'><strong>panem</strong></span> <span class='ocrx_word' id='word_1_504' title='bbox 1204 3823 1233 3864; x_wconf 87' lang='lat' dir='ltr'><strong>se</strong></span> <span class='ocrx_word' id='word_1_505' title='bbox 1246 3807 1425 3865; x_wconf 86' lang='lat' dir='ltr'><strong>manducasse</strong></span> <span class='ocrx_word' id='word_1_506' title='bbox 1435 3806 1529 3878; x_wconf 86' lang='lat' dir='ltr'><strong>gratis,</strong></span> <span class='ocrx_word' id='word_1_507' title='bbox 1549 3750 1576 3861; x_wconf 54' lang='lat' dir='ltr'><strong>,g</strong></span> <span class='ocrx_word' id='word_1_508' title='bbox 1588 3811 1640 3871; x_wconf 87' lang='lat' dir='ltr'><strong>est,</strong></span> <span class='ocrx_word' id='word_1_509' title='bbox 1655 3804 1792 3874; x_wconf 89' lang='lat' dir='ltr'><strong>gratuito,</strong></span> 
     </span>
     <span class='ocr_line' id='line_1_40' title="bbox 137 3872 1790 3961; baseline 0.003 -35"><span class='ocrx_word' id='word_1_510' title='bbox 137 3872 347 3931; x_wconf 83' lang='lat' dir='ltr'><strong>ad.rrsrtandos</strong></span> <span class='ocrx_word' id='word_1_511' title='bbox 367 3873 476 3959; x_wconf 80' lang='lat' dir='ltr'><strong>iratres,</strong></span> <span class='ocrx_word' id='word_1_512' title='bbox 492 3874 532 3930; x_wconf 86' lang='lat' dir='ltr'><strong>vel</strong></span> <span class='ocrx_word' id='word_1_513' title='bbox 551 3874 693 3960; x_wconf 73' lang='lat' dir='ltr'><strong>infirmes,¹</strong></span> <span class='ocrx_word' id='word_1_514' title='bbox 709 3875 844 3960; x_wconf 21' lang='lat' dir='ltr'><strong>qundtbie</strong></span> <span class='ocrx_word' id='word_1_515' title='bbox 858 3886 938 3935; x_wconf 83' lang='lat' dir='ltr'><strong>sonat</strong></span> <span class='ocrx_word' id='word_1_516' title='bbox 993 3894 1041 3936; x_wconf 89' lang='lat' dir='ltr'><strong>seu</strong></span> <span class='ocrx_word' id='word_1_517' title='bbox 1064 3880 1179 3952; x_wconf 90' lang='lat' dir='ltr'><strong>gratuita</strong></span> <span class='ocrx_word' id='word_1_518' title='bbox 1201 3879 1357 3961; x_wconf 68' lang='lat' dir='ltr'><strong>largitioneq</strong></span> <span class='ocrx_word' id='word_1_519' title='bbox 1380 3878 1420 3934; x_wconf 87' lang='lat' dir='ltr'><strong>rel</strong></span> <span class='ocrx_word' id='word_1_520' title='bbox 1449 3878 1552 3941; x_wconf 85' lang='lat' dir='ltr'><strong>otiose,</strong></span> <span class='ocrx_word' id='word_1_521' title='bbox 1575 3874 1641 3930; x_wconf 87' lang='lat' dir='ltr'><strong>nihil</strong></span> <span class='ocrx_word' id='word_1_522' title='bbox 1670 3872 1790 3943; x_wconf 86' lang='lat' dir='ltr'><strong>nendo,</strong></span> 
     </span>
     <span class='ocr_line' id='line_1_41' title="bbox 138 3888 1793 4034; baseline 0.002 -36"><span class='ocrx_word' id='word_1_523' title='bbox 138 3960 279 4014; x_wconf 71' lang='lat' dir='ltr'><strong>conpertam</strong></span> <span class='ocrx_word' id='word_1_524' title='bbox 293 3951 519 4018; x_wconf 69' lang='lat' dir='ltr'><strong>opportuniorem</strong></span> <span class='ocrx_word' id='word_1_525' title='bbox 530 3962 707 4017; x_wconf 73' lang='lat' dir='ltr'><strong>processiones</strong></span> <span class='ocrx_word' id='word_1_526' title='bbox 721 3951 747 4002; x_wconf 87' lang='lat' dir='ltr'><strong>et</strong></span> <span class='ocrx_word' id='word_1_527' title='bbox 760 3950 936 4018; x_wconf 74' lang='lat' dir='ltr'><strong>sanationis,</strong></span> <span class='ocrx_word' id='word_1_528' title='bbox 991 3950 1064 4034; x_wconf 85' lang='lat' dir='ltr'><strong>qnod</strong></span> <span class='ocrx_word' id='word_1_529' title='bbox 1080 3949 1181 4008; x_wconf 86' lang='lat' dir='ltr'><strong>Gallice</strong></span> <span class='ocrx_word' id='word_1_530' title='bbox 1201 3949 1316 4007; x_wconf 84' lang='lat' dir='ltr'><strong>dimmus</strong></span> <span class='ocrx_word' id='word_1_531' title='bbox 1325 3952 1504 4021; x_wconf 79' lang='lat' dir='ltr'><strong>pour-ataat3</strong></span> <span class='ocrx_word' id='word_1_532' title='bbox 1527 3947 1607 4017; x_wconf 89' lang='lat' dir='ltr'><strong>idque</strong></span> <span class='ocrx_word' id='word_1_533' title='bbox 1629 3888 1730 4015; x_wconf 56' lang='lat' dir='ltr'><strong>dupflci</strong></span> <span class='ocrx_word' id='word_1_534' title='bbox 1750 3959 1793 4001; x_wconf 86' lang='lat' dir='ltr'><strong>ra·</strong></span> 
     </span>
    </p>
   </div>
   <div class='ocr_carea' id='block_1_7' title="bbox 41 4015 1794 4233">
    <p class='ocr_par' dir='ltr' id='par_1_8' title="bbox 41 4015 1794 4233">
     <span class='ocr_line' id='line_1_42' title="bbox 136 4015 1794 4104; baseline 0.001 -33"><span class='ocrx_word' id='word_1_535' title='bbox 136 4030 219 4087; x_wconf 92' lang='lat' dir='ltr'><strong>quam</strong></span> <span class='ocrx_word' id='word_1_536' title='bbox 234 4017 361 4074; x_wconf 82' lang='lat' dir='ltr'><strong>homines</strong></span> <span class='ocrx_word' id='word_1_537' title='bbox 371 4017 519 4101; x_wconf 77' lang='lat' dir='ltr'><strong>inordinati</strong></span> <span class='ocrx_word' id='word_1_538' title='bbox 530 4027 558 4073; x_wconf 91' lang='lat' dir='ltr'><strong>et</strong></span> <span class='ocrx_word' id='word_1_539' title='bbox 572 4015 721 4100; x_wconf 81' lang='lat' dir='ltr'><strong>honestatis</strong></span> <span class='ocrx_word' id='word_1_540' title='bbox 737 4016 874 4077; x_wconf 88' lang='lat' dir='ltr'><strong>incuriosi</strong></span> <span class='ocrx_word' id='word_1_541' title='bbox 881 4036 937 4077; x_wconf 89' lang='lat' dir='ltr'><strong>nou</strong></span> <span class='ocrx_word' id='word_1_542' title='bbox 990 4030 1083 4078; x_wconf 86' lang='lat' dir='ltr'><strong>trane:</strong></span> <span class='ocrx_word' id='word_1_543' title='bbox 1100 4023 1220 4093; x_wconf 91' lang='lat' dir='ltr'><strong>primum</strong></span> <span class='ocrx_word' id='word_1_544' title='bbox 1233 4021 1295 4104; x_wconf 88' lang='lat' dir='ltr'><strong>quia</strong></span> <span class='ocrx_word' id='word_1_545' title='bbox 1310 4021 1336 4076; x_wconf 92' lang='lat' dir='ltr'><strong>in</strong></span> <span class='ocrx_word' id='word_1_546' title='bbox 1350 4019 1450 4102; x_wconf 81' lang='lat' dir='ltr'><strong>sudore</strong></span> <span class='ocrx_word' id='word_1_547' title='bbox 1464 4019 1556 4074; x_wconf 84' lang='lat' dir='ltr'><strong>miltus</strong></span> <span class='ocrx_word' id='word_1_548' title='bbox 1574 4015 1616 4072; x_wconf 94' lang='lat' dir='ltr'><strong>sui</strong></span> <span class='ocrx_word' id='word_1_549' title='bbox 1633 4015 1794 4099; x_wconf 79' lang='lat' dir='ltr'><strong>vescebatur</strong></span> 
     </span>
     <span class='ocr_line' id='line_1_43' title="bbox 135 4087 1791 4164; baseline 0.001 -22"><span class='ocrx_word' id='word_1_550' title='bbox 135 4087 289 4154; x_wconf 79' lang='lat' dir='ltr'><strong>observant,</strong></span> <span class='ocrx_word' id='word_1_551' title='bbox 303 4098 455 4147; x_wconf 80' lang='lat' dir='ltr'><strong>nescientes</strong></span> <span class='ocrx_word' id='word_1_552' title='bbox 469 4104 497 4145; x_wconf 84' lang='lat' dir='ltr'><strong>tn</strong></span> <span class='ocrx_word' id='word_1_553' title='bbox 521 4090 651 4147; x_wconf 83' lang='lat' dir='ltr'><strong>omnibns</strong></span> <span class='ocrx_word' id='word_1_554' title='bbox 670 4104 779 4146; x_wconf 85' lang='lat' dir='ltr'><strong>serrare</strong></span> <span class='ocrx_word' id='word_1_555' title='bbox 792 4089 934 4149; x_wconf 86' lang='lat' dir='ltr'><strong>denorum.</strong></span> <span class='ocrx_word' id='word_1_556' title='bbox 991 4109 1059 4164; x_wconf 92' lang='lat' dir='ltr'><strong>pane</strong></span> <span class='ocrx_word' id='word_1_557' title='bbox 1071 4109 1132 4157; x_wconf 87' lang='lat' dir='ltr'><strong>suo,</strong></span> <span class='ocrx_word' id='word_1_558' title='bbox 1146 4093 1187 4149; x_wconf 86' lang='lat' dir='ltr'><strong>vel</strong></span> <span class='ocrx_word' id='word_1_559' title='bbox 1202 4101 1234 4149; x_wconf 89' lang='lat' dir='ltr'><strong>ut</strong></span> <span class='ocrx_word' id='word_1_560' title='bbox 1244 4107 1300 4164; x_wconf 86' lang='lat' dir='ltr'><strong>rpse</strong></span> <span class='ocrx_word' id='word_1_561' title='bbox 1310 4091 1416 4148; x_wconf 83' lang='lat' dir='ltr'><strong>subdit:</strong></span> <span class='ocrx_word' id='word_1_562' title='bbox 1428 4094 1460 4147; x_wconf 80' lang='lat' dir='ltr'><strong>Ia</strong></span> <span class='ocrx_word' id='word_1_563' title='bbox 1469 4091 1566 4151; x_wconf 80' lang='lat' dir='ltr'><strong>tabae,</strong></span> <span class='ocrx_word' id='word_1_564' title='bbox 1580 4093 1605 4142; x_wconf 87' lang='lat' dir='ltr'><strong>et</strong></span> <span class='ocrx_word' id='word_1_565' title='bbox 1613 4089 1791 4156; x_wconf 79' lang='lat' dir='ltr'><strong>satrqateorte,</strong></span> 
     </span>
     <span class='ocr_line' id='line_1_44' title="bbox 41 4156 1794 4233; baseline 0 -18"><span class='ocrx_word' id='word_1_566' title='bbox 41 4180 44 4185; x_wconf 95' lang='lat'>·</span> <span class='ocrx_word' id='word_1_567' title='bbox 140 4159 218 4217; x_wconf 91' lang='lat' dir='ltr'><strong>Unde</strong></span> <span class='ocrx_word' id='word_1_568' title='bbox 234 4177 348 4218; x_wconf 86' lang='lat' dir='ltr'><strong>versus:</strong></span> <span class='ocrx_word' id='word_1_569' title='bbox 796 4214 806 4229; x_wconf 85' lang='grc'><strong>,</strong></span> <span class='ocrx_word' id='word_1_570' title='bbox 990 4169 1063 4220; x_wconf 80' lang='lat' dir='ltr'><strong>rroete</strong></span> <span class='ocrx_word' id='word_1_571' title='bbox 1084 4170 1109 4219; x_wconf 89' lang='lat' dir='ltr'><strong>et</strong></span> <span class='ocrx_word' id='word_1_572' title='bbox 1124 4166 1167 4219; x_wconf 81' lang='lat' dir='ltr'><strong>dic</strong></span> <span class='ocrx_word' id='word_1_573' title='bbox 1187 4164 1337 4233; x_wconf 74' lang='lat' dir='ltr'><strong>operandas</strong></span> <span class='ocrx_word' id='word_1_574' title='bbox 1351 4169 1412 4218; x_wconf 91' lang='lat' dir='ltr'><strong>tum</strong></span> <span class='ocrx_word' id='word_1_575' title='bbox 1433 4160 1495 4233; x_wconf 90' lang='lat' dir='ltr'><strong>quia</strong></span> <span class='ocrx_word' id='word_1_576' title='bbox 1520 4159 1626 4214; x_wconf 90' lang='lat' dir='ltr'><strong>ratione</strong></span> <span class='ocrx_word' id='word_1_577' title='bbox 1648 4156 1794 4215; x_wconf 72' lang='lat' dir='ltr'><strong>manauit</strong></span> 
     </span>
    </p>
   </div>
   <div class='ocr_carea' id='block_1_8' title="bbox 134 4227 1794 5864">
    <p class='ocr_par' dir='ltr' id='par_1_9' title="bbox 134 4227 1794 5864">
     <span class='ocr_line' id='line_1_45' title="bbox 991 4227 1793 4307; baseline -0.005 -18"><span class='ocrx_word' id='word_1_578' title='bbox 991 4235 1134 4307; x_wconf 87' lang='lat' dir='ltr'><strong>evangelici</strong></span> <span class='ocrx_word' id='word_1_579' title='bbox 1149 4233 1300 4289; x_wconf 89' lang='lat' dir='ltr'><strong>debebatur</strong></span> <span class='ocrx_word' id='word_1_580' title='bbox 1320 4233 1344 4288; x_wconf 92' lang='lat' dir='ltr'><strong>ei</strong></span> <span class='ocrx_word' id='word_1_581' title='bbox 1361 4231 1499 4289; x_wconf 87' lang='lat' dir='ltr'><strong>alimonia.</strong></span> <span class='ocrx_word' id='word_1_582' title='bbox 1514 4232 1577 4286; x_wconf 90' lang='lat' dir='ltr'><strong>Non</strong></span> <span class='ocrx_word' id='word_1_583' title='bbox 1600 4227 1673 4286; x_wconf 89' lang='lat' dir='ltr'><strong>euim</strong></span> <span class='ocrx_word' id='word_1_584' title='bbox 1691 4241 1793 4299; x_wconf 85' lang='lat' dir='ltr'><strong>panem</strong></span> 
     </span>
     <span class='ocr_line' id='line_1_46' title="bbox 353 4299 1793 4383; baseline -0.006 -21"><span class='ocrx_word' id='word_1_585' title='bbox 353 4370 359 4383; x_wconf 44' lang='lat'><strong>·</strong></span> <span class='ocrx_word' id='word_1_586' title='bbox 990 4305 1074 4373; x_wconf 79' lang='lat' dir='ltr'><strong>gratis</strong></span> <span class='ocrx_word' id='word_1_587' title='bbox 1087 4302 1237 4359; x_wconf 87' lang='lat' dir='ltr'><strong>manducat</strong></span> <span class='ocrx_word' id='word_1_588' title='bbox 1252 4304 1299 4377; x_wconf 87' lang='lat' dir='ltr'><strong>qui</strong></span> <span class='ocrx_word' id='word_1_589' title='bbox 1311 4302 1344 4360; x_wconf 92' lang='lat' dir='ltr'><strong>de</strong></span> <span class='ocrx_word' id='word_1_590' title='bbox 1358 4302 1503 4376; x_wconf 83' lang='lat' dir='ltr'><strong>Evangelio</strong></span> <span class='ocrx_word' id='word_1_591' title='bbox 1518 4301 1595 4369; x_wconf 83' lang='lat' dir='ltr'><strong>vivit,</strong></span> <span class='ocrx_word' id='word_1_592' title='bbox 1613 4299 1719 4356; x_wconf 87' lang='lat' dir='ltr'><strong>etiamsi</strong></span> <span class='ocrx_word' id='word_1_593' title='bbox 1734 4313 1793 4355; x_wconf 83' lang='lat' dir='ltr'><strong>ma·</strong></span> 
     </span>
     <span class='ocr_line' id='line_1_47' title="bbox 170 4360 1792 4456; baseline 0.001 -33"><span class='ocrx_word' id='word_1_594' title='bbox 170 4360 260 4423; x_wconf 59' lang='lat' dir='ltr'><strong>”Post</strong></span> <span class='ocrx_word' id='word_1_595' title='bbox 272 4367 427 4426; x_wconf 85' lang='lat' dir='ltr'><strong>doctrinam</strong></span> <span class='ocrx_word' id='word_1_596' title='bbox 439 4380 466 4451; x_wconf 84' lang='lat' dir='ltr'><strong>et</strong></span> <span class='ocrx_word' id='word_1_597' title='bbox 480 4381 647 4453; x_wconf 58' lang='lat' dir='ltr'><strong>preceptum</strong></span> <span class='ocrx_word' id='word_1_598' title='bbox 663 4374 787 4456; x_wconf 76' lang='lat' dir='ltr'><strong>Apostoli</strong></span> <span class='ocrx_word' id='word_1_599' title='bbox 796 4377 831 4444; x_wconf 91' lang='lat' dir='ltr'><strong>(ll</strong></span> <span class='ocrx_word' id='word_1_600' title='bbox 845 4376 935 4432; x_wconf 78' lang='lat' dir='ltr'><strong>Thess.</strong></span> <span class='ocrx_word' id='word_1_601' title='bbox 991 4375 1135 4431; x_wconf 90' lang='lat' dir='ltr'><strong>nibusnou</strong></span> <span class='ocrx_word' id='word_1_602' title='bbox 1147 4380 1274 4445; x_wconf 89' lang='lat' dir='ltr'><strong>operetur</strong></span> <span class='ocrx_word' id='word_1_603' title='bbox 1288 4394 1295 4430; x_wconf 93' lang='lat'><strong>:</strong></span> <span class='ocrx_word' id='word_1_604' title='bbox 1307 4375 1404 4447; x_wconf 86' lang='lat' dir='ltr'><strong>accipit</strong></span> <span class='ocrx_word' id='word_1_605' title='bbox 1420 4374 1492 4429; x_wconf 91' lang='lat' dir='ltr'><strong>enim</strong></span> <span class='ocrx_word' id='word_1_606' title='bbox 1506 4371 1558 4428; x_wconf 89' lang='lat' dir='ltr'><strong>sibi</strong></span> <span class='ocrx_word' id='word_1_607' title='bbox 1570 4369 1706 4437; x_wconf 91' lang='lat' dir='ltr'><strong>debitum,</strong></span> <span class='ocrx_word' id='word_1_608' title='bbox 1719 4369 1792 4426; x_wconf 86' lang='lat' dir='ltr'><strong>sient</strong></span> 
     </span>
     <span class='ocr_line' id='line_1_48' title="bbox 137 4437 1793 4531; baseline 0.005 -43"><span class='ocrx_word' id='word_1_609' title='bbox 137 4437 186 4507; x_wconf 86' lang='grc' dir='ltr'><strong>ιιι)</strong></span> <span class='ocrx_word' id='word_1_610' title='bbox 196 4437 319 4508; x_wconf 90' lang='lat' dir='ltr'><strong>deoperc</strong></span> <span class='ocrx_word' id='word_1_611' title='bbox 330 4442 451 4496; x_wconf 83' lang='lat' dir='ltr'><strong>manuali</strong></span> <span class='ocrx_word' id='word_1_612' title='bbox 461 4441 495 4522; x_wconf 85' lang='lat' dir='ltr'><strong>ad</strong></span> <span class='ocrx_word' id='word_1_613' title='bbox 506 4443 648 4498; x_wconf 83' lang='lat' dir='ltr'><strong>vitandum</strong></span> <span class='ocrx_word' id='word_1_614' title='bbox 663 4453 750 4500; x_wconf 90' lang='lat' dir='ltr'><strong>ouum</strong></span> <span class='ocrx_word' id='word_1_615' title='bbox 760 4445 864 4518; x_wconf 88' lang='lat' dir='ltr'><strong>aliaque</strong></span> <span class='ocrx_word' id='word_1_616' title='bbox 874 4461 935 4517; x_wconf 88' lang='lat' dir='ltr'><strong>pec·</strong></span> <span class='ocrx_word' id='word_1_617' title='bbox 952 4468 977 4531; x_wconf 75' lang='lat' dir='ltr'>D</span> <span class='ocrx_word' id='word_1_618' title='bbox 993 4445 1050 4516; x_wconf 89' lang='lat' dir='ltr'><strong>ipse</strong></span> <span class='ocrx_word' id='word_1_619' title='bbox 1065 4444 1146 4516; x_wconf 91' lang='lat' dir='ltr'><strong>paulo</strong></span> <span class='ocrx_word' id='word_1_620' title='bbox 1162 4453 1224 4516; x_wconf 90' lang='lat' dir='ltr'><strong>post</strong></span> <span class='ocrx_word' id='word_1_621' title='bbox 1244 4445 1377 4516; x_wconf 84' lang='lat' dir='ltr'><strong>significat</strong></span> <span class='ocrx_word' id='word_1_622' title='bbox 1394 4443 1535 4515; x_wconf 91' lang='lat' dir='ltr'><strong>potestatis</strong></span> <span class='ocrx_word' id='word_1_623' title='bbox 1547 4457 1604 4499; x_wconf 88' lang='lat' dir='ltr'><strong>suae</strong></span> <span class='ocrx_word' id='word_1_624' title='bbox 1620 4441 1793 4498; x_wconf 72' lang='lat' dir='ltr'><strong>theudonem</strong></span> 
     </span>
     <span class='ocr_line' id='line_1_49' title="bbox 137 4509 1791 4592; baseline 0.005 -32"><span class='ocrx_word' id='word_1_625' title='bbox 137 4515 205 4591; x_wconf 69' lang='lat' dir='ltr'><strong>cata⁸</strong></span> <span class='ocrx_word' id='word_1_626' title='bbox 220 4509 372 4565; x_wconf 83' lang='lat' dir='ltr'><strong>exercendo</strong></span> <span class='ocrx_word' id='word_1_627' title='bbox 393 4525 519 4592; x_wconf 82' lang='lat' dir='ltr'><strong>superius</strong></span> <span class='ocrx_word' id='word_1_628' title='bbox 539 4510 699 4583; x_wconf 86' lang='lat' dir='ltr'><strong>allegatum,</strong></span> <span class='ocrx_word' id='word_1_629' title='bbox 724 4530 772 4585; x_wconf 89' lang='lat' dir='ltr'><strong>per</strong></span> <span class='ocrx_word' id='word_1_630' title='bbox 790 4516 811 4572; x_wconf 91' lang='lat' dir='ltr'><strong>it</strong></span> <span class='ocrx_word' id='word_1_631' title='bbox 833 4521 939 4573; x_wconf 83' lang='lat' dir='ltr'><strong>Auctor</strong></span> <span class='ocrx_word' id='word_1_632' title='bbox 993 4517 1104 4584; x_wconf 89' lang='lat' dir='ltr'><strong>iaciens,</strong></span> <span class='ocrx_word' id='word_1_633' title='bbox 1118 4520 1176 4573; x_wconf 84' lang='lat' dir='ltr'><strong>Nm</strong></span> <span class='ocrx_word' id='word_1_634' title='bbox 1199 4520 1279 4587; x_wconf 84' lang='lat' dir='ltr'><strong>quast</strong></span> <span class='ocrx_word' id='word_1_635' title='bbox 1295 4534 1347 4573; x_wconf 82' lang='lat' dir='ltr'><strong>ma</strong></span> <span class='ocrx_word' id='word_1_636' title='bbox 1362 4517 1534 4572; x_wconf 76' lang='lat' dir='ltr'><strong>habuerimus</strong></span> <span class='ocrx_word' id='word_1_637' title='bbox 1546 4519 1716 4584; x_wconf 83' lang='lat' dir='ltr'><strong>potestatem,</strong></span> <span class='ocrx_word' id='word_1_638' title='bbox 1735 4519 1791 4569; x_wconf 83' lang='lat' dir='ltr'><strong>ate.</strong></span> 
     </span>
     <span class='ocr_line' id='line_1_50' title="bbox 136 4531 1792 4663; baseline 0.004 -30"><span class='ocrx_word' id='word_1_639' title='bbox 136 4576 303 4660; x_wconf 30' lang='lat' dir='ltr'><strong>adlepusdem</strong></span> <span class='ocrx_word' id='word_1_640' title='bbox 320 4582 444 4663; x_wconf 72' lang='lat' dir='ltr'><strong>apostati</strong></span> <span class='ocrx_word' id='word_1_641' title='bbox 458 4581 613 4663; x_wconf 80' lang='lat' dir='ltr'><strong>exemplum</strong></span> <span class='ocrx_word' id='word_1_642' title='bbox 624 4531 843 4655; x_wconf 57' lang='lat' dir='ltr'><strong>proponengum.</strong></span> <span class='ocrx_word' id='word_1_643' title='bbox 857 4586 938 4657; x_wconf 83' lang='lat' dir='ltr'><strong>Quod</strong></span> <span class='ocrx_word' id='word_1_644' title='bbox 1026 4575 1160 4643; x_wconf 81' lang='lat' dir='ltr'><strong>dEodem</strong></span> <span class='ocrx_word' id='word_1_645' title='bbox 1189 4597 1350 4660; x_wconf 87' lang='lat' dir='ltr'><strong>argumento</strong></span> <span class='ocrx_word' id='word_1_646' title='bbox 1374 4591 1409 4643; x_wconf 90' lang='lat' dir='ltr'><strong>D.</strong></span> <span class='ocrx_word' id='word_1_647' title='bbox 1435 4587 1619 4658; x_wconf 79' lang='lat' dir='ltr'><strong>Hieronymus</strong></span> <span class='ocrx_word' id='word_1_648' title='bbox 1643 4585 1740 4656; x_wconf 66' lang='lat' dir='ltr'><strong>(Epis.</strong></span> <span class='ocrx_word' id='word_1_649' title='bbox 1763 4583 1792 4651; x_wconf 81' lang='lat' dir='ltr'><strong>t)</strong></span> 
     </span>
     <span class='ocr_line' id='line_1_51' title="bbox 137 4650 1790 4781; baseline 0.004 -77"><span class='ocrx_word' id='word_1_650' title='bbox 137 4662 209 4706; x_wconf 88' lang='lat' dir='ltr'><strong>eurm</strong></span> <span class='ocrx_word' id='word_1_651' title='bbox 225 4650 310 4707; x_wconf 84' lang='lat' dir='ltr'><strong>verbo</strong></span> <span class='ocrx_word' id='word_1_652' title='bbox 324 4659 472 4735; x_wconf 78' lang='lat' dir='ltr'><strong>etscrrpto</strong></span> <span class='ocrx_word' id='word_1_653' title='bbox 496 4652 743 4737; x_wconf 24' lang='lat' dir='ltr'><strong>docuit-apostolus</strong></span> <span class='ocrx_word' id='word_1_654' title='bbox 759 4657 870 4737; x_wconf 63' lang='lat' dir='ltr'><strong>paulus,</strong></span> <span class='ocrx_word' id='word_1_655' title='bbox 885 4658 938 4715; x_wconf 89' lang='lat' dir='ltr'><strong>hoe</strong></span> <span class='ocrx_word' id='word_1_656' title='bbox 991 4660 1137 4715; x_wconf 85' lang='lat' dir='ltr'><strong>Rusticum</strong></span> <span class='ocrx_word' id='word_1_657' title='bbox 1154 4659 1320 4716; x_wconf 88' lang='lat' dir='ltr'><strong>monachum</strong></span> <span class='ocrx_word' id='word_1_658' title='bbox 1334 4657 1369 4714; x_wconf 89' lang='lat' dir='ltr'><strong>ab</strong></span> <span class='ocrx_word' id='word_1_659' title='bbox 1386 4658 1444 4714; x_wconf 91' lang='lat' dir='ltr'><strong>otio</strong></span> <span class='ocrx_word' id='word_1_660' title='bbox 1457 4656 1586 4723; x_wconf 89' lang='lat' dir='ltr'><strong>deterret,</strong></span> <span class='ocrx_word' id='word_1_661' title='bbox 1611 4664 1639 4711; x_wconf 93' lang='lat' dir='ltr'><strong>ct</strong></span> <span class='ocrx_word' id='word_1_662' title='bbox 1660 4653 1694 4710; x_wconf 92' lang='lat' dir='ltr'><strong>ad</strong></span> <span class='ocrx_word' id='word_1_663' title='bbox 1719 4667 1790 4781; x_wconf 49' lang='lat' dir='ltr'><strong>opus</strong></span> 
     </span>
     <span class='ocr_line' id='line_1_52' title="bbox 136 4720 1794 4806; baseline 0.004 -29"><span class='ocrx_word' id='word_1_664' title='bbox 136 4729 163 4777; x_wconf 85' lang='lat' dir='ltr'><strong>et</strong></span> <span class='ocrx_word' id='word_1_665' title='bbox 179 4720 253 4806; x_wconf 76' lang='lat' dir='ltr'><strong>iacto</strong></span> <span class='ocrx_word' id='word_1_666' title='bbox 273 4731 411 4806; x_wconf 71' lang='lat' dir='ltr'><strong>praestrtrt,</strong></span> <span class='ocrx_word' id='word_1_667' title='bbox 425 4723 650 4806; x_wconf 22' lang='lat' dir='ltr'><strong>rdqueqplurtbus</strong></span> <span class='ocrx_word' id='word_1_668' title='bbox 664 4741 693 4781; x_wconf 89' lang='grc' dir='ltr'><strong>ιιι</strong></span> <span class='ocrx_word' id='word_1_669' title='bbox 716 4727 786 4783; x_wconf 83' lang='lat' dir='ltr'><strong>loeis</strong></span> <span class='ocrx_word' id='word_1_670' title='bbox 806 4735 937 4785; x_wconf 90' lang='lat' dir='ltr'><strong>testatum</strong></span> <span class='ocrx_word' id='word_1_671' title='bbox 991 4745 1122 4786; x_wconf 91' lang='lat' dir='ltr'><strong>manuum</strong></span> <span class='ocrx_word' id='word_1_672' title='bbox 1136 4746 1186 4787; x_wconf 91' lang='lat' dir='ltr'><strong>suo</strong></span> <span class='ocrx_word' id='word_1_673' title='bbox 1200 4739 1325 4803; x_wconf 83' lang='lat' dir='ltr'><strong>tempore</strong></span> <span class='ocrx_word' id='word_1_674' title='bbox 1348 4727 1529 4786; x_wconf 81' lang='lat' dir='ltr'><strong>exercendum</strong></span> <span class='ocrx_word' id='word_1_675' title='bbox 1552 4743 1584 4782; x_wconf 90' lang='lat' dir='ltr'><strong>ac</strong></span> <span class='ocrx_word' id='word_1_676' title='bbox 1608 4725 1738 4798; x_wconf 88' lang='lat' dir='ltr'><strong>spirituali</strong></span> <span class='ocrx_word' id='word_1_677' title='bbox 1759 4737 1794 4783; x_wconf 82' lang='lat' dir='ltr'><strong>ut</strong></span> 
     </span>
     <span class='ocr_line' id='line_1_53' title="bbox 136 4793 1793 4879; baseline 0.003 -33"><span class='ocrx_word' id='word_1_678' title='bbox 136 4793 345 4879; x_wconf 28' lang='lat' dir='ltr'><strong>relat-partitae</strong></span> <span class='ocrx_word' id='word_1_679' title='bbox 369 4810 442 4878; x_wconf 82' lang='lat' dir='ltr'><strong>enim</strong></span> <span class='ocrx_word' id='word_1_680' title='bbox 468 4794 564 4853; x_wconf 82' lang='lat' dir='ltr'><strong>iecisse</strong></span> <span class='ocrx_word' id='word_1_681' title='bbox 593 4796 793 4855; x_wconf 74' lang='lat' dir='ltr'><strong>Thessalonica</strong></span> <span class='ocrx_word' id='word_1_682' title='bbox 816 4814 851 4856; x_wconf 86' lang='lat' dir='ltr'><strong>ex</strong></span> <span class='ocrx_word' id='word_1_683' title='bbox 878 4800 937 4873; x_wconf 86' lang='lat' dir='ltr'><strong>ejus</strong></span> <span class='ocrx_word' id='word_1_684' title='bbox 991 4800 1233 4859; x_wconf 90' lang='lat' dir='ltr'><strong>intermiscendum</strong></span> <span class='ocrx_word' id='word_1_685' title='bbox 1255 4800 1416 4857; x_wconf 83' lang='lat' dir='ltr'><strong>exstimulat</strong></span> <span class='ocrx_word' id='word_1_686' title='bbox 1435 4799 1478 4856; x_wconf 92' lang='lat' dir='ltr'><strong>his</strong></span> <span class='ocrx_word' id='word_1_687' title='bbox 1493 4798 1598 4854; x_wconf 84' lang='lat' dir='ltr'><strong>verbis:</strong></span> <span class='ocrx_word' id='word_1_688' title='bbox 1623 4799 1715 4853; x_wconf 81' lang='lat' dir='ltr'><strong>Facito</strong></span> <span class='ocrx_word' id='word_1_689' title='bbox 1740 4797 1793 4852; x_wconf 84' lang='lat' dir='ltr'><strong>ati·</strong></span> 
     </span>
     <span class='ocr_line' id='line_1_54' title="bbox 136 4867 1791 4998; baseline 0.001 -77"><span class='ocrx_word' id='word_1_690' title='bbox 136 4872 295 4950; x_wconf 80' lang='lat' dir='ltr'><strong>testimonio</strong></span> <span class='ocrx_word' id='word_1_691' title='bbox 315 4867 358 4924; x_wconf 88' lang='lat' dir='ltr'><strong>htc</strong></span> <span class='ocrx_word' id='word_1_692' title='bbox 377 4875 462 4924; x_wconf 84' lang='lat' dir='ltr'><strong>citato</strong></span> <span class='ocrx_word' id='word_1_693' title='bbox 486 4875 603 4950; x_wconf 80' lang='lat' dir='ltr'><strong>constat.</strong></span> <span class='ocrx_word' id='word_1_694' title='bbox 628 4871 689 4951; x_wconf 77' lang='lat' dir='ltr'><strong>blec</strong></span> <span class='ocrx_word' id='word_1_695' title='bbox 711 4869 802 4941; x_wconf 89' lang='lat' dir='ltr'><strong>ipsum</strong></span> <span class='ocrx_word' id='word_1_696' title='bbox 823 4880 936 4998; x_wconf 57' lang='lat' dir='ltr'><strong>postea,</strong></span> <span class='ocrx_word' id='word_1_697' title='bbox 991 4872 1791 4944; x_wconf 68' lang='lat' dir='ltr'><strong>qnidoperientesemperdiabalasiaoeuiatoempotnar.</strong></span> 
     </span>
     <span class='ocr_line' id='line_1_55' title="bbox 137 4937 1792 5014; baseline 0.002 -23"><span class='ocrx_word' id='word_1_698' title='bbox 137 4937 232 5007; x_wconf 80' lang='lat' dir='ltr'><strong>Ephesi</strong></span> <span class='ocrx_word' id='word_1_699' title='bbox 247 4953 310 4994; x_wconf 91' lang='lat' dir='ltr'><strong>cum</strong></span> <span class='ocrx_word' id='word_1_700' title='bbox 325 4949 489 5007; x_wconf 88' lang='lat' dir='ltr'><strong>moraretur,</strong></span> <span class='ocrx_word' id='word_1_701' title='bbox 511 4956 608 5013; x_wconf 77' lang='lat' dir='ltr'><strong>egisse,</strong></span> <span class='ocrx_word' id='word_1_702' title='bbox 626 4947 708 4997; x_wconf 79' lang='lat' dir='ltr'><strong>ettam</strong></span> <span class='ocrx_word' id='word_1_703' title='bbox 730 4941 788 5012; x_wconf 89' lang='lat' dir='ltr'><strong>ipse</strong></span> <span class='ocrx_word' id='word_1_704' title='bbox 806 4959 821 4999; x_wconf 87' lang='lat' dir='ltr'><strong>a</strong></span> <span class='ocrx_word' id='word_1_705' title='bbox 837 4942 936 5011; x_wconf 88' lang='lat' dir='ltr'><strong>ilrmat,</strong></span> <span class='ocrx_word' id='word_1_706' title='bbox 991 4947 1023 5001; x_wconf 85' lang='lat' dir='ltr'><strong>Si</strong></span> <span class='ocrx_word' id='word_1_707' title='bbox 1044 4946 1167 5014; x_wconf 80' lang='lat' dir='ltr'><strong>Apostoli</strong></span> <span class='ocrx_word' id='word_1_708' title='bbox 1180 4945 1304 5000; x_wconf 84' lang='lat' dir='ltr'><strong>habentes</strong></span> <span class='ocrx_word' id='word_1_709' title='bbox 1318 4947 1476 5014; x_wconf 88' lang='lat' dir='ltr'><strong>patestatem</strong></span> <span class='ocrx_word' id='word_1_710' title='bbox 1495 4942 1527 4996; x_wconf 85' lang='lat' dir='ltr'><strong>ac</strong></span> <span class='ocrx_word' id='word_1_711' title='bbox 1538 4941 1686 5009; x_wconf 72' lang='lat' dir='ltr'><strong>decapolis</strong></span> <span class='ocrx_word' id='word_1_712' title='bbox 1702 4942 1792 4994; x_wconf 73' lang='lat' dir='ltr'><strong>assae</strong></span> 
     </span>
     <span class='ocr_line' id='line_1_56' title="bbox 136 5010 1794 5092; baseline 0.002 -31"><span class='ocrx_word' id='word_1_713' title='bbox 136 5021 199 5061; x_wconf 88' lang='lat' dir='ltr'><strong>cum</strong></span> <span class='ocrx_word' id='word_1_714' title='bbox 214 5021 261 5062; x_wconf 89' lang='lat' dir='ltr'><strong>eus</strong></span> <span class='ocrx_word' id='word_1_715' title='bbox 275 5016 443 5092; x_wconf 80' lang='lat' dir='ltr'><strong>contestatur</strong></span> <span class='ocrx_word' id='word_1_716' title='bbox 456 5011 499 5066; x_wconf 89' lang='lat' dir='ltr'><strong>his</strong></span> <span class='ocrx_word' id='word_1_717' title='bbox 513 5012 621 5068; x_wconf 82' lang='lat' dir='ltr'><strong>verbis:</strong></span> <span class='ocrx_word' id='word_1_718' title='bbox 636 5015 694 5083; x_wconf 82' lang='lat' dir='ltr'><strong>ipsi</strong></span> <span class='ocrx_word' id='word_1_719' title='bbox 710 5017 794 5079; x_wconf 84' lang='lat' dir='ltr'><strong>scitis,</strong></span> <span class='ocrx_word' id='word_1_720' title='bbox 810 5016 938 5085; x_wconf 84' lang='lat' dir='ltr'><strong>quoniam</strong></span> <span class='ocrx_word' id='word_1_721' title='bbox 992 5016 1151 5071; x_wconf 85' lang='lat' dir='ltr'><strong>laborabant</strong></span> <span class='ocrx_word' id='word_1_722' title='bbox 1164 5017 1287 5071; x_wconf 82' lang='lat' dir='ltr'><strong>manibus</strong></span> <span class='ocrx_word' id='word_1_723' title='bbox 1301 5017 1368 5078; x_wconf 81' lang='lat' dir='ltr'><strong>sais,</strong></span> <span class='ocrx_word' id='word_1_724' title='bbox 1379 5031 1411 5069; x_wconf 87' lang='lat' dir='ltr'><strong>ae</strong></span> <span class='ocrx_word' id='word_1_725' title='bbox 1422 5030 1500 5084; x_wconf 88' lang='lat' dir='ltr'><strong>quem</strong></span> <span class='ocrx_word' id='word_1_726' title='bbox 1515 5016 1670 5083; x_wconf 82' lang='lat' dir='ltr'><strong>procurent,</strong></span> <span class='ocrx_word' id='word_1_727' title='bbox 1689 5014 1716 5064; x_wconf 84' lang='lat' dir='ltr'><strong>at</strong></span> <span class='ocrx_word' id='word_1_728' title='bbox 1728 5010 1794 5065; x_wconf 75' lang='lat' dir='ltr'><strong>aliis</strong></span> 
     </span>
     <span class='ocr_line' id='line_1_57' title="bbox 136 5077 1794 5164; baseline 0.004 -34"><span class='ocrx_word' id='word_1_729' title='bbox 136 5077 173 5160; x_wconf 80' lang='lat' dir='ltr'><strong>ad</strong></span> <span class='ocrx_word' id='word_1_730' title='bbox 187 5093 218 5160; x_wconf 80' lang='lat' dir='ltr'><strong>ea</strong></span> <span class='ocrx_word' id='word_1_731' title='bbox 239 5094 298 5147; x_wconf 83' lang='lat' dir='ltr'><strong>pate</strong></span> <span class='ocrx_word' id='word_1_732' title='bbox 311 5080 380 5133; x_wconf 83' lang='lat' dir='ltr'><strong>mehr</strong></span> <span class='ocrx_word' id='word_1_733' title='bbox 402 5096 469 5148; x_wconf 87' lang='lat' dir='ltr'><strong>opas</strong></span> <span class='ocrx_word' id='word_1_734' title='bbox 482 5086 575 5164; x_wconf 33' lang='lat' dir='ltr'><strong>‘maret</strong></span> <span class='ocrx_word' id='word_1_735' title='bbox 590 5089 615 5138; x_wconf 91' lang='lat' dir='ltr'><strong>et</strong></span> <span class='ocrx_word' id='word_1_736' title='bbox 629 5084 670 5140; x_wconf 84' lang='lat' dir='ltr'><strong>his</strong></span> <span class='ocrx_word' id='word_1_737' title='bbox 684 5088 732 5154; x_wconf 86' lang='lat' dir='ltr'><strong>qai</strong></span> <span class='ocrx_word' id='word_1_738' title='bbox 747 5103 848 5141; x_wconf 81' lang='lat' dir='ltr'><strong>mertem</strong></span> <span class='ocrx_word' id='word_1_739' title='bbox 861 5092 935 5151; x_wconf 85' lang='lat' dir='ltr'><strong>suat,</strong></span> <span class='ocrx_word' id='word_1_740' title='bbox 992 5088 1148 5142; x_wconf 83' lang='lat' dir='ltr'><strong>tribuebant</strong></span> <span class='ocrx_word' id='word_1_741' title='bbox 1166 5089 1312 5156; x_wconf 70' lang='lat' dir='ltr'><strong>resriqeria</strong></span> <span class='ocrx_word' id='word_1_742' title='bbox 1322 5101 1436 5156; x_wconf 85' lang='lat' dir='ltr'><strong>quarum</strong></span> <span class='ocrx_word' id='word_1_743' title='bbox 1446 5101 1495 5155; x_wconf 81' lang='lat' dir='ltr'><strong>prro</strong></span> <span class='ocrx_word' id='word_1_744' title='bbox 1507 5083 1700 5154; x_wconf 83' lang='lat' dir='ltr'><strong>spiritualibus</strong></span> <span class='ocrx_word' id='word_1_745' title='bbox 1711 5080 1794 5137; x_wconf 83' lang='lat' dir='ltr'><strong>debe·</strong></span> 
     </span>
     <span class='ocr_line' id='line_1_58' title="bbox 134 5153 1793 5232; baseline 0.004 -31"><span class='ocrx_word' id='word_1_746' title='bbox 134 5153 356 5229; x_wconf 76' lang='lat' dir='ltr'><strong>manutenuerunt</strong></span> <span class='ocrx_word' id='word_1_747' title='bbox 367 5165 462 5204; x_wconf 86' lang='lat' dir='ltr'><strong>manas</strong></span> <span class='ocrx_word' id='word_1_748' title='bbox 476 5156 536 5232; x_wconf 64' lang='lat' dir='ltr'><strong>gstoe</strong></span> <span class='ocrx_word' id='word_1_749' title='bbox 546 5155 620 5232; x_wconf 59' lang='lat' dir='ltr'><strong>(Act.</strong></span> <span class='ocrx_word' id='word_1_750' title='bbox 636 5154 698 5224; x_wconf 83' lang='lat' dir='ltr'><strong>xx).</strong></span> <span class='ocrx_word' id='word_1_751' title='bbox 715 5157 751 5211; x_wconf 87' lang='lat' dir='ltr'><strong>Et</strong></span> <span class='ocrx_word' id='word_1_752' title='bbox 764 5157 798 5213; x_wconf 88' lang='lat' dir='ltr'><strong>ad</strong></span> <span class='ocrx_word' id='word_1_753' title='bbox 812 5157 934 5215; x_wconf 89' lang='lat' dir='ltr'><strong>Corinth.</strong></span> <span class='ocrx_word' id='word_1_754' title='bbox 992 5157 1163 5213; x_wconf 84' lang='lat' dir='ltr'><strong>baatmetere</strong></span> <span class='ocrx_word' id='word_1_755' title='bbox 1179 5159 1302 5212; x_wconf 75' lang='lat' dir='ltr'><strong>commta</strong></span> <span class='ocrx_word' id='word_1_756' title='bbox 1313 5173 1379 5225; x_wconf 80' lang='lat' dir='ltr'><strong>3cnr</strong></span> <span class='ocrx_word' id='word_1_757' title='bbox 1389 5162 1418 5212; x_wconf 91' lang='lat' dir='ltr'><strong>ta</strong></span> <span class='ocrx_word' id='word_1_758' title='bbox 1428 5159 1457 5211; x_wconf 83' lang='lat' dir='ltr'><strong>in</strong></span> <span class='ocrx_word' id='word_1_759' title='bbox 1467 5172 1531 5210; x_wconf 77' lang='lat' dir='ltr'><strong>rans</strong></span> <span class='ocrx_word' id='word_1_760' title='bbox 1544 5159 1602 5209; x_wconf 86' lang='lat' dir='ltr'><strong>taos</strong></span> <span class='ocrx_word' id='word_1_761' title='bbox 1616 5169 1725 5209; x_wconf 78' lang='lat' dir='ltr'><strong>cesama</strong></span> <span class='ocrx_word' id='word_1_762' title='bbox 1738 5166 1793 5208; x_wconf 78' lang='lat' dir='ltr'><strong>aaa</strong></span> 
     </span>
     <span class='ocr_line' id='line_1_59' title="bbox 134 5218 1794 5305; baseline -0.003 -20"><span class='ocrx_word' id='word_1_763' title='bbox 134 5218 272 5301; x_wconf 47' lang='lat' dir='ltr'><strong>⁸01¹,thss</strong></span> <span class='ocrx_word' id='word_1_764' title='bbox 292 5221 464 5305; x_wconf 67' lang='lat' dir='ltr'><strong>bahmamta,</strong></span> <span class='ocrx_word' id='word_1_765' title='bbox 480 5231 577 5293; x_wconf 90' lang='lat' dir='ltr'><strong>rnqort,</strong></span> <span class='ocrx_word' id='word_1_766' title='bbox 592 5230 731 5295; x_wconf 82' lang='lat' dir='ltr'><strong>operarrtes</strong></span> <span class='ocrx_word' id='word_1_767' title='bbox 743 5230 868 5282; x_wconf 73' lang='lat' dir='ltr'><strong>amitibus</strong></span> <span class='ocrx_word' id='word_1_768' title='bbox 890 5244 938 5284; x_wconf 85' lang='lat' dir='ltr'><strong>aa·</strong></span> <span class='ocrx_word' id='word_1_769' title='bbox 987 5231 1151 5300; x_wconf 72' lang='lat' dir='ltr'><strong>praepares?</strong></span> <span class='ocrx_word' id='word_1_770' title='bbox 1168 5230 1210 5283; x_wconf 82' lang='lat' dir='ltr'><strong>act</strong></span> <span class='ocrx_word' id='word_1_771' title='bbox 1225 5229 1351 5298; x_wconf 74' lang='lat' dir='ltr'><strong>psallam</strong></span> <span class='ocrx_word' id='word_1_772' title='bbox 1365 5232 1424 5283; x_wconf 78' lang='lat' dir='ltr'><strong>tene</strong></span> <span class='ocrx_word' id='word_1_773' title='bbox 1431 5228 1523 5298; x_wconf 80' lang='lat' dir='ltr'><strong>junco,</strong></span> <span class='ocrx_word' id='word_1_774' title='bbox 1539 5234 1592 5281; x_wconf 91' lang='lat' dir='ltr'><strong>etc.</strong></span> <span class='ocrx_word' id='word_1_775' title='bbox 1608 5226 1698 5296; x_wconf 90' lang='lat' dir='ltr'><strong>Urget</strong></span> <span class='ocrx_word' id='word_1_776' title='bbox 1718 5222 1794 5280; x_wconf 85' lang='lat' dir='ltr'><strong>idem</strong></span> 
     </span>
     <span class='ocr_line' id='line_1_60' title="bbox 135 5290 1793 5415; baseline -0.008 -52"><span class='ocrx_word' id='word_1_777' title='bbox 135 5290 232 5415; x_wconf 48' lang='lat' dir='ltr'><strong>“mg</strong></span> <span class='ocrx_word' id='word_1_778' title='bbox 246 5292 364 5346; x_wconf 58' lang='lat' dir='ltr'><strong>Ummi-</strong></span> <span class='ocrx_word' id='word_1_779' title='bbox 379 5292 419 5362; x_wconf 68' lang='lat' dir='ltr'><strong>x)-</strong></span> <span class='ocrx_word' id='word_1_780' title='bbox 990 5307 1184 5372; x_wconf 87' lang='lat' dir='ltr'><strong>argumentum</strong></span> <span class='ocrx_word' id='word_1_781' title='bbox 1197 5300 1282 5355; x_wconf 90' lang='lat' dir='ltr'><strong>etiam</strong></span> <span class='ocrx_word' id='word_1_782' title='bbox 1301 5301 1337 5355; x_wconf 91' lang='lat' dir='ltr'><strong>D.</strong></span> <span class='ocrx_word' id='word_1_783' title='bbox 1353 5298 1522 5371; x_wconf 82' lang='lat' dir='ltr'><strong>Augustinus</strong></span> <span class='ocrx_word' id='word_1_784' title='bbox 1545 5296 1571 5352; x_wconf 92' lang='lat' dir='ltr'><strong>in</strong></span> <span class='ocrx_word' id='word_1_785' title='bbox 1585 5296 1633 5352; x_wconf 90' lang='lat' dir='ltr'><strong>lib.</strong></span> <span class='ocrx_word' id='word_1_786' title='bbox 1651 5310 1734 5367; x_wconf 89' lang='lat' dir='ltr'><strong>quem</strong></span> <span class='ocrx_word' id='word_1_787' title='bbox 1756 5293 1793 5351; x_wconf 86' lang='lat' dir='ltr'><strong>de</strong></span> 
     </span>
     <span class='ocr_line' id='line_1_61' title="bbox 171 5361 1794 5450; baseline 0.006 -36"><span class='ocrx_word' id='word_1_788' title='bbox 171 5361 204 5440; x_wconf 68' lang='lat' dir='ltr'><strong>‘fl</strong></span> <span class='ocrx_word' id='word_1_789' title='bbox 238 5368 288 5442; x_wconf 73' lang='lat' dir='ltr'><strong>est,</strong></span> <span class='ocrx_word' id='word_1_790' title='bbox 303 5362 524 5445; x_wconf 86' lang='lat' dir='ltr'><strong>manducandum</strong></span> <span class='ocrx_word' id='word_1_791' title='bbox 536 5365 701 5446; x_wconf 82' lang='lat' dir='ltr'><strong>accepimus.</strong></span> <span class='ocrx_word' id='word_1_792' title='bbox 718 5366 801 5450; x_wconf 72' lang='lat' dir='ltr'><strong>l&#39;aqis</strong></span> <span class='ocrx_word' id='word_1_793' title='bbox 814 5368 935 5450; x_wconf 79' lang='lat' dir='ltr'><strong>nomine,</strong></span> <span class='ocrx_word' id='word_1_794' title='bbox 990 5372 1080 5442; x_wconf 90' lang='lat' dir='ltr'><strong>Opere</strong></span> <span class='ocrx_word' id='word_1_795' title='bbox 1103 5370 1302 5427; x_wconf 87' lang='lat' dir='ltr'><strong>manachorum</strong></span> <span class='ocrx_word' id='word_1_796' title='bbox 1326 5371 1429 5426; x_wconf 86' lang='lat' dir='ltr'><strong>censeri</strong></span> <span class='ocrx_word' id='word_1_797' title='bbox 1450 5369 1483 5426; x_wconf 90' lang='lat' dir='ltr'><strong>sit</strong></span> <span class='ocrx_word' id='word_1_798' title='bbox 1500 5370 1576 5440; x_wconf 82' lang='lat' dir='ltr'><strong>(Cap.</strong></span> <span class='ocrx_word' id='word_1_799' title='bbox 1593 5374 1620 5432; x_wconf 82' lang='lat'><strong>³,</strong></span> <span class='ocrx_word' id='word_1_800' title='bbox 1636 5373 1653 5423; x_wconf 78' lang='lat' dir='ltr'><strong>t</strong></span> <span class='ocrx_word' id='word_1_801' title='bbox 1670 5371 1696 5422; x_wconf 89' lang='lat' dir='ltr'><strong>et</strong></span> <span class='ocrx_word' id='word_1_802' title='bbox 1709 5363 1794 5438; x_wconf 74' lang='lat' dir='ltr'><strong>tiad-</strong></span> 
     </span>
     <span class='ocr_line' id='line_1_62' title="bbox 136 5386 1794 5521; baseline 0.005 -36"><span class='ocrx_word' id='word_1_803' title='bbox 136 5429 268 5502; x_wconf 79' lang='lat' dir='ltr'><strong>quidquid</strong></span> <span class='ocrx_word' id='word_1_804' title='bbox 290 5431 324 5488; x_wconf 87' lang='lat' dir='ltr'><strong>ad</strong></span> <span class='ocrx_word' id='word_1_805' title='bbox 352 5441 452 5490; x_wconf 87' lang='lat' dir='ltr'><strong>uotum</strong></span> <span class='ocrx_word' id='word_1_806' title='bbox 475 5444 591 5519; x_wconf 78' lang='lat' dir='ltr'><strong>pertinet</strong></span> <span class='ocrx_word' id='word_1_807' title='bbox 614 5436 740 5494; x_wconf 86' lang='lat' dir='ltr'><strong>llebraers</strong></span> <span class='ocrx_word' id='word_1_808' title='bbox 766 5438 933 5521; x_wconf 80' lang='lat' dir='ltr'><strong>intelligitur.</strong></span> <span class='ocrx_word' id='word_1_809' title='bbox 989 5457 1084 5498; x_wconf 87' lang='lat' dir='ltr'><strong>versus</strong></span> <span class='ocrx_word' id='word_1_810' title='bbox 1106 5442 1217 5514; x_wconf 85' lang='lat' dir='ltr'><strong>ignaros</strong></span> <span class='ocrx_word' id='word_1_811' title='bbox 1230 5439 1366 5515; x_wconf 87' lang='lat' dir='ltr'><strong>quosdam</strong></span> <span class='ocrx_word' id='word_1_812' title='bbox 1380 5386 1529 5497; x_wconf 67' lang='lat' dir='ltr'><strong>acrfaides</strong></span> <span class='ocrx_word' id='word_1_813' title='bbox 1553 5437 1738 5496; x_wconf 89' lang='lat' dir='ltr'><strong>monachaso</strong></span> <span class='ocrx_word' id='word_1_814' title='bbox 1757 5450 1794 5495; x_wconf 79' lang='lat' dir='ltr'><strong>tta</strong></span> 
     </span>
     <span class='ocr_line' id='line_1_63' title="bbox 136 5500 1727 5591; baseline 0.005 -32"><span class='ocrx_word' id='word_1_815' title='bbox 136 5500 221 5585; x_wconf 79' lang='lat' dir='ltr'><strong>Unde</strong></span> <span class='ocrx_word' id='word_1_816' title='bbox 244 5503 323 5588; x_wconf 72' lang='lat' dir='ltr'><strong>Lucae</strong></span> <span class='ocrx_word' id='word_1_817' title='bbox 348 5518 421 5561; x_wconf 82' lang='lat' dir='ltr'><strong>xiv:</strong></span> <span class='ocrx_word' id='word_1_818' title='bbox 447 5507 511 5563; x_wconf 78' lang='lat' dir='ltr'><strong>Cam</strong></span> <span class='ocrx_word' id='word_1_819' title='bbox 532 5512 658 5562; x_wconf 77' lang='lat' dir='ltr'><strong>cataasset</strong></span> <span class='ocrx_word' id='word_1_820' title='bbox 678 5510 754 5591; x_wconf 61' lang='lat' dir='ltr'><strong>iesus</strong></span> <span class='ocrx_word' id='word_1_821' title='bbox 776 5525 805 5563; x_wconf 86' lang='lat' dir='ltr'><strong>m</strong></span> <span class='ocrx_word' id='word_1_822' title='bbox 827 5511 935 5568; x_wconf 65' lang='lat' dir='ltr'><strong>mam</strong></span> <span class='ocrx_word' id='word_1_823' title='bbox 989 5528 1122 5568; x_wconf 90' lang='lat' dir='ltr'><strong>manuum</strong></span> <span class='ocrx_word' id='word_1_824' title='bbox 1146 5512 1217 5568; x_wconf 90' lang='lat' dir='ltr'><strong>inani</strong></span> <span class='ocrx_word' id='word_1_825' title='bbox 1240 5519 1373 5585; x_wconf 76' lang='lat' dir='ltr'><strong>praetextu</strong></span> <span class='ocrx_word' id='word_1_826' title='bbox 1396 5510 1589 5568; x_wconf 86' lang='lat' dir='ltr'><strong>detrectantes.</strong></span> <span class='ocrx_word' id='word_1_827' title='bbox 1616 5513 1648 5566; x_wconf 92' lang='lat' dir='ltr'><strong>ln</strong></span> <span class='ocrx_word' id='word_1_828' title='bbox 1666 5524 1727 5567; x_wconf 85' lang='lat' dir='ltr'><strong>eam</strong></span> 
     </span>
     <span class='ocr_line' id='line_1_64' title="bbox 135 5573 1792 5661; baseline 0.006 -32"><span class='ocrx_word' id='word_1_829' title='bbox 135 5573 268 5630; x_wconf 77' lang='lat' dir='ltr'><strong>Phameae</strong></span> <span class='ocrx_word' id='word_1_830' title='bbox 279 5576 680 5661; x_wconf 67' lang='lat' dir='ltr'><strong>sabbatomaaaacarepaaem,</strong></span> <span class='ocrx_word' id='word_1_831' title='bbox 692 5579 780 5661; x_wconf 77' lang='lat' dir='ltr'><strong>idest,</strong></span> <span class='ocrx_word' id='word_1_832' title='bbox 790 5580 933 5652; x_wconf 90' lang='lat' dir='ltr'><strong>prandere,</strong></span> <span class='ocrx_word' id='word_1_833' title='bbox 989 5599 1099 5656; x_wconf 91' lang='lat' dir='ltr'><strong>quoque</strong></span> <span class='ocrx_word' id='word_1_834' title='bbox 1111 5584 1274 5641; x_wconf 89' lang='lat' dir='ltr'><strong>sententiam</strong></span> <span class='ocrx_word' id='word_1_835' title='bbox 1293 5581 1386 5640; x_wconf 86' lang='lat' dir='ltr'><strong>scribit</strong></span> <span class='ocrx_word' id='word_1_836' title='bbox 1398 5583 1522 5641; x_wconf 88' lang='lat' dir='ltr'><strong>isidorus</strong></span> <span class='ocrx_word' id='word_1_837' title='bbox 1539 5581 1691 5638; x_wconf 86' lang='lat' dir='ltr'><strong>Pelusiotes</strong></span> <span class='ocrx_word' id='word_1_838' title='bbox 1706 5580 1754 5639; x_wconf 91' lang='lat' dir='ltr'><strong>lib.</strong></span> <span class='ocrx_word' id='word_1_839' title='bbox 1769 5595 1792 5650; x_wconf 89' lang='lat' dir='ltr'><strong>t,</strong></span> 
     </span>
     <span class='ocr_line' id='line_1_65' title="bbox 134 5648 1794 5730; baseline 0.007 -32"><span class='ocrx_word' id='word_1_840' title='bbox 134 5651 184 5727; x_wconf 81' lang='lat' dir='ltr'><strong>ant</strong></span> <span class='ocrx_word' id='word_1_841' title='bbox 194 5659 318 5730; x_wconf 31' lang='lat' dir='ltr'><strong>amunte..</strong></span> <span class='ocrx_word' id='word_1_842' title='bbox 328 5648 388 5702; x_wconf 76' lang='lat' dir='ltr'><strong>etl</strong></span> <span class='ocrx_word' id='word_1_843' title='bbox 404 5649 471 5720; x_wconf 85' lang='lat' dir='ltr'><strong>Reg.</strong></span> <span class='ocrx_word' id='word_1_844' title='bbox 485 5663 539 5705; x_wconf 85' lang='lat' dir='ltr'><strong>xtv</strong></span> <span class='ocrx_word' id='word_1_845' title='bbox 554 5651 744 5713; x_wconf 71' lang='lat' dir='ltr'><strong>:Maledictus</strong></span> <span class='ocrx_word' id='word_1_846' title='bbox 759 5652 846 5723; x_wconf 81' lang='lat' dir='ltr'><strong>lnquit</strong></span> <span class='ocrx_word' id='word_1_847' title='bbox 859 5654 934 5725; x_wconf 89' lang='lat' dir='ltr'><strong>Saul,</strong></span> <span class='ocrx_word' id='word_1_848' title='bbox 991 5655 1070 5727; x_wconf 88' lang='lat' dir='ltr'><strong>epist.</strong></span> <span class='ocrx_word' id='word_1_849' title='bbox 1082 5661 1117 5712; x_wconf 79' lang='lat' dir='ltr'><strong>ts</strong></span> <span class='ocrx_word' id='word_1_850' title='bbox 1131 5658 1228 5727; x_wconf 84' lang='lat' dir='ltr'><strong>(Supra</strong></span> <span class='ocrx_word' id='word_1_851' title='bbox 1240 5656 1277 5711; x_wconf 89' lang='lat' dir='ltr'><strong>ad</strong></span> <span class='ocrx_word' id='word_1_852' title='bbox 1288 5671 1310 5710; x_wconf 88' lang='lat' dir='ltr'><strong>c.</strong></span> <span class='ocrx_word' id='word_1_853' title='bbox 1326 5662 1354 5718; x_wconf 84' lang='lat'><strong>7,</strong></span> <span class='ocrx_word' id='word_1_854' title='bbox 1376 5658 1401 5711; x_wconf 90' lang='lat' dir='ltr'><strong>et</strong></span> <span class='ocrx_word' id='word_1_855' title='bbox 1411 5657 1489 5724; x_wconf 72' lang='lat' dir='ltr'><strong>intra</strong></span> <span class='ocrx_word' id='word_1_856' title='bbox 1505 5670 1527 5711; x_wconf 87' lang='lat' dir='ltr'><strong>c.</strong></span> <span class='ocrx_word' id='word_1_857' title='bbox 1549 5653 1602 5725; x_wconf 87' lang='lat' dir='ltr'><strong>tl).</strong></span> <span class='ocrx_word' id='word_1_858' title='bbox 1616 5650 1672 5709; x_wconf 90' lang='lat' dir='ltr'><strong>Sed</strong></span> <span class='ocrx_word' id='word_1_859' title='bbox 1693 5656 1746 5711; x_wconf 88' lang='lat' dir='ltr'><strong>hac</strong></span> <span class='ocrx_word' id='word_1_860' title='bbox 1758 5650 1794 5709; x_wconf 80' lang='lat' dir='ltr'><strong>de</strong></span> 
     </span>
     <span class='ocr_line' id='line_1_66' title="bbox 134 5717 1352 5802; baseline 0.01 -33"><span class='ocrx_word' id='word_1_861' title='bbox 134 5717 330 5797; x_wconf 73' lang='lat' dir='ltr'><strong>percomederrt</strong></span> <span class='ocrx_word' id='word_1_862' title='bbox 340 5734 439 5788; x_wconf 84' lang='lat' dir='ltr'><strong>panem</strong></span> <span class='ocrx_word' id='word_1_863' title='bbox 452 5719 588 5802; x_wconf 78' lang='lat' dir='ltr'><strong>usqaead</strong></span> <span class='ocrx_word' id='word_1_864' title='bbox 600 5736 745 5802; x_wconf 85' lang='lat' dir='ltr'><strong>vesperam.</strong></span> <span class='ocrx_word' id='word_1_865' title='bbox 766 5726 870 5780; x_wconf 87' lang='lat' dir='ltr'><strong>Panem</strong></span> <span class='ocrx_word' id='word_1_866' title='bbox 884 5741 934 5783; x_wconf 91' lang='lat' dir='ltr'><strong>no·</strong></span> <span class='ocrx_word' id='word_1_867' title='bbox 988 5742 1018 5784; x_wconf 91' lang='lat' dir='ltr'><strong>re</strong></span> <span class='ocrx_word' id='word_1_868' title='bbox 1034 5725 1095 5784; x_wconf 88' lang='lat' dir='ltr'><strong>vide</strong></span> <span class='ocrx_word' id='word_1_869' title='bbox 1108 5728 1185 5800; x_wconf 91' lang='lat' dir='ltr'><strong>plura</strong></span> <span class='ocrx_word' id='word_1_870' title='bbox 1198 5725 1257 5783; x_wconf 88' lang='lat' dir='ltr'><strong>aliis</strong></span> <span class='ocrx_word' id='word_1_871' title='bbox 1275 5725 1352 5784; x_wconf 86' lang='lat' dir='ltr'><strong>locis.</strong></span> 
     </span>
     <span class='ocr_line' id='line_1_67' title="bbox 134 5790 935 5864; baseline 0.014 -20"><span class='ocrx_word' id='word_1_872' title='bbox 134 5801 242 5844; x_wconf 77' lang='lat' dir='ltr'><strong>minans</strong></span> <span class='ocrx_word' id='word_1_873' title='bbox 258 5803 340 5846; x_wconf 91' lang='lat' dir='ltr'><strong>omne</strong></span> <span class='ocrx_word' id='word_1_874' title='bbox 363 5805 450 5863; x_wconf 88' lang='lat' dir='ltr'><strong>genus</strong></span> <span class='ocrx_word' id='word_1_875' title='bbox 469 5791 521 5848; x_wconf 87' lang='lat' dir='ltr'><strong>erbr</strong></span> <span class='ocrx_word' id='word_1_876' title='bbox 537 5790 683 5864; x_wconf 68' lang='lat' dir='ltr'><strong>intelletum</strong></span> <span class='ocrx_word' id='word_1_877' title='bbox 709 5794 782 5854; x_wconf 89' lang='lat' dir='ltr'><strong>unde</strong></span> <span class='ocrx_word' id='word_1_878' title='bbox 802 5796 935 5855; x_wconf 85' lang='lat' dir='ltr'><strong>Jonetbaa</strong></span> 
     </span>
    </p>
   </div>
   <div class='ocr_carea' id='block_1_9' title="bbox 200 4265 761 4330">
    <p class='ocr_par' dir='ltr' id='par_1_10' title="bbox 200 4265 761 4330">
     <span class='ocr_line' id='line_1_68' title="bbox 200 4265 761 4330; baseline 0.012 -18"><span class='ocrx_word' id='word_1_879' title='bbox 200 4266 302 4314; x_wconf 83' lang='lat' dir='ltr'><strong>Rustica</strong></span> <span class='ocrx_word' id='word_1_880' title='bbox 317 4265 445 4330; x_wconf 89' lang='lat' dir='ltr'><strong>progenies</strong></span> <span class='ocrx_word' id='word_1_881' title='bbox 458 4266 537 4318; x_wconf 89' lang='lat' dir='ltr'><strong>nescit</strong></span> <span class='ocrx_word' id='word_1_882' title='bbox 546 4267 637 4318; x_wconf 84' lang='lat' dir='ltr'><strong>habere</strong></span> <span class='ocrx_word' id='word_1_883' title='bbox 650 4267 761 4319; x_wconf 88' lang='lat' dir='ltr'><strong>modum.</strong></span> 
     </span>
    </p>
   </div>
   <div class='ocr_carea' id='block_1_10' title="bbox 0 0 1929 6164">
    <p class='ocr_par' dir='ltr' id='par_1_11' title="bbox 0 0 1929 6164">
     <span class='ocr_line' id='line_1_69' title="bbox 0 0 1929 6164; baseline 0 0"><span class='ocrx_word' id='word_1_884' title='bbox 0 0 1929 6164; x_wconf 95' lang='lat' dir='ltr'><strong> </strong></span> 
     </span>
    </p>
   </div>
  </div>
 </body>
</html>
