3848 6158
144 283 195 336 itu
685 263 826 322 ioannis
843 263 994 320 cessisti
1014 262 1257 322 contusiones.
1748 273 1802 328 iso

137 404 281 470 stulnrent,
292 399 423 467 dicentes,
435 398 554 459 Domine,
571 409 640 463 auae
654 392 734 450 ,nadis
748 391 828 461 talem
833 410 843 459 ,-
856 389 943 463 plsnl·
956 392 982 455 Α
1281 391 1403 448 CAPUT
1421 393 1511 448 xvii.

69 491 72 495 ’
138 497 261 556 tudinem
275 494 334 568 ejus
354 507 412 549 non
431 489 518 547 libero
539 486 651 544 arbitrio
671 491 880 558 presumentes,
894 483 944 542 sed
1049 495 1318 563 Qiiopmoppfflpm
1329 494 1662 565 mperampemtapronum
1672 496 1749 555 „opp

139 591 189 648 Dei
210 589 264 648 sibi
287 585 429 645 eredentes
449 595 562 639 munere
585 575 790 637 conferendam.
816 579 942 652 Denique
1243 568 1387 623 “Diluitur
1399 566 1545 622 tribuatur.

139 684 221 743 docet
235 696 285 738 uos
302 680 375 738 idem
396 684 493 733 auctor
505 674 601 731 salutis
620 673 760 741 humenae,
776 688 860 746 quam
883 674 942 747 ipsa
1030 669 1175 727 Summam
1189 684 1297 742 quoque
1308 668 1469 738 tolerantiae,
1484 683 1537 742 qua
1554 666 1722 726 tentationes
1740 670 1800 730 ille·

139 777 206 834 lldes
228 781 321 831 nostra
345 769 515 838 lubricant,
537 775 564 825 et
583 765 703 836 infirma,
726 776 754 823 et
770 782 943 840 nequaquam
995 770 1037 819 tas
1060 763 1194 821 sustinere
1219 764 1366 837 possimus,
1389 779 1445 821 non
1466 770 1525 820 tam
1545 763 1686 820 innostra
1703 763 1801 826 virtute

139 868 191 928 sihi
203 866 357 935 sufficiens,
372 864 426 921 nisi
452 861 535 921 tuerit
552 861 652 918 auxilio
669 861 782 918 Domini
801 859 941 929 roborata,
996 873 1080 930 qnam
1095 857 1124 914 in
1138 858 1188 915 Dei
1203 856 1391 916 misericordia
1403 865 1432 915 et
1443 855 1799 927 moderatiouelconsistere

139 962 232 1021 dicens
240 960 274 1018 ad
288 962 421 1018 Petrum:
437 958 652 1027 sinensium,
665 971 720 1012 ecoe
733 957 849 1013 &tanos
861 968 942 1026 eape-
995 950 1094 1009 beatus
1114 950 1265 1025 Apostolus
1285 951 1321 1008 ita
1346 950 1521 1024 pronuntiat:
1546 955 1670 1010 senentio
1688 969 1736 1012 uns
1748 971 1798 1013 nm

139 1059 201 1116 titii
216 1071 261 1113 uns
278 1060 310 1111 ui
328 1055 459 1111 cribraret
472 1066 519 1107 uas
534 1054 674 1120 iampatnm
685 1052 824 1116 triticum3
838 1047 885 1103 sed
898 1063 943 1118 epo
996 1038 1209 1119 bappertinentiai
1220 1048 1277 1103 nisi
1288 1047 1424 1102 humana:
1443 1046 1530 1116 idelis
1548 1051 1640 1103 auten
1657 1049 1738 1118 Deus,
1752 1053 1802 1121 pri

137 1153 231 1221 reponi
249 1153 359 1206 Patrem
380 1161 469 1202 meum
491 1158 525 1198 ne
546 1142 668 1213 deficerm
685 1141 751 1210 iales
776 1145 835 1195 tua.
862 1136 943 1209 Quod
997 1155 1050 1194 nnn
1059 1142 1199 1210 permittet
1210 1154 1256 1195 uns
1271 1142 1371 1194 tentori
1388 1153 1470 1211 samer
1484 1139 1516 1193 td
1530 1140 1602 1210 pund
1617 1144 1740 1211 potestis,
1754 1144 1801 1200 sed

110 1244 207 1301 nlius
225 1243 255 1298 in
277 1238 426 1310 semetipso
450 1235 571 1292 sentiens
594 1233 665 1303 deri,
687 1241 715 1290 et
738 1229 943 1305 quodammodo
997 1233 1079 1301 [aaut
1090 1248 1149 1288 nam
1163 1233 1309 1288 tentatione
1318 1233 1399 1287 etiam
1411 1232 1524 1296 scitum,
1537 1235 1713 1290 uisuoiiaere
1719 1238 1805 1306 possi

139 1337 223 1394 iidem
241 1349 319 1391 suam
335 1329 504 1388 infidelitatis
518 1327 649 1385 [luctibus
663 1327 697 1384 ad
718 1324 862 1399 perniciosi
874 1340 944 1382 neo·
997 1329 1032 1381 tis
1048 1327 1071 1394 (1
1086 1326 1146 1384 cnr.
1164 1325 1204 1398 x).
1221 1327 1310 1382 mum
1322 1339 1432 1398 quoque
1445 1329 1537 1396 aptare
1558 1322 1615 1381 sive
1638 1324 1800 1387 tonitruare

139 1428 219 1501 fragii
234 1426 332 1484 uidens
343 1422 470 1496 scopulos
483 1420 633 1493 perurgeri,
651 1408 686 1476 ad
700 1417 828 1475 eumdem
841 1417 944 1474 Domi·
996 1418 1104 1477 animos
1118 1426 1228 1477 nostros
1242 1417 1278 1477 ad
1291 1433 1374 1476 omne
1387 1432 1458 1490 opus
1470 1416 1589 1484 bonum,
1600 1426 1630 1476 et
1648 1421 1757 1493 operari
1772 1421 1800 1479 in

138 1537 206 1580 num
220 1514 429 1577 auxiliumlidei
442 1528 500 1570 suae
513 1512 654 1584 postulans
667 1509 750 1568 dicit:
767 1511 945 1574 Dominend·
999 1511 1079 1569 nobis
1092 1527 1125 1570 ea
1138 1527 1201 1584 quae
1220 1510 1271 1569 sibi
1286 1519 1351 1569 sunt
1365 1510 1475 1584 placita,
1489 1510 1562 1570 idem
1584 1514 1735 1586 Apostolus
1752 1514 1804 1574 do-

134 1620 201 1688 J'uua
211 1614 401 1683 infidelitatem
414 1623 502 1664 meam
518 1609 602 1674 (Marc
610 1649 616 1661 .
625 1604 676 1676 ιιι).
687 1606 719 1659 ln
734 1612 841 1660 tentum
853 1603 943 1677 iisque
997 1613 1056 1662 cet:
1068 1610 1137 1663 Deus
1152 1608 1241 1661 autem
1247 1608 1324 1677 pacis
1335 1607 1385 1676 qui
1395 1606 1491 1662 educit
1501 1606 1536 1662 aie
1544 1606 1814 1681 msedmnpnsmrem'·

138 1713 283 1766 senserunt
301 1700 443 1774 evangelici
463 1707 492 1756 et
512 1698 654 1771 apostolici
669 1696 717 1752 viri
735 1698 862 1755 universa
878 1712 940 1771 quae
983 1711 1124 1771 ‘mum
1136 1701 1225 1780 onium
1239 1701 1270 1755 in
1284 1701 1417 1770 sanpume
1433 1702 1588 1757 testamenii
1602 1705 1699 1759 mermi
1709 1706 1803 1761 iesum

139 1801 212 1859 botta
226 1807 289 1856 sunt
303 1794 404 1853 auxilio
419 1792 533 1849 Domini
546 1791 744 1862 consummari,
760 1798 789 1849 et
802 1807 837 1849 ne
851 1792 938 1866 ipsam
951 1800 975 1864 Β
993 1795 1138 1858 cinisium,
1149 1797 1276 1864 optetuos
1288 1795 1318 1848 in
1328 1795 1402 1849 omni
1409 1792 1483 1858 dano,
1494 1794 1804 1867 iadmsinmiespund

140 1894 251 1968 quidem
272 1890 356 1947 tidem
371 1903 450 1946 suam
464 1884 583 1944 couiessi
596 1895 664 1943 sunt
685 1887 800 1944 illaesam
814 1902 843 1944 se
864 1903 945 1962 posse
996 1889 1085 1958 piacet
1100 1903 1189 1943 mnam
1200 1902 1228 1942 se
1242 1886 1315 1959 (Hei.
1335 1889 1412 1954 rtur).
1427 1886 1509 1957 Quod
1523 1886 1601 1944 etiam
1619 1886 1806 1946 tumulant·

139 1988 196 2045 suis
210 1985 314 2043 viribus
328 1984 368 2042 rel
382 1981 486 2040 arbitrii
498 1979 629 2039 libertate
643 1995 764 2052 seruare,
783 1981 893 2040 uthana
902 1982 944 2041 vel
1000 1979 1129 2038 censibus
1143 1988 1172 2038 ut
1185 1980 1292 2037 eveniat
1312 1980 1348 2036 ita
1364 1987 1491 2052 precatur
1504 1976 1613 2037 dicens:
1628 1983 1685 2052 lpse
1706 1985 1805 2038 autem

139 2076 259 2154 adjuvari
279 2079 310 2134 in
326 2092 366 2143 se,
388 2076 428 2132 vel
448 2071 544 2131 donari
562 2073 626 2142 sibi,
643 2089 659 2130 a
678 2073 801 2131 Domino
819 2075 941 2148 postula·
997 2076 1127 2130 Dominus
1147 2076 1223 2130 Jesus
1236 2074 1357 2130 cumnis
1368 2078 1393 2130 ei
1406 2062 1478 2130 Deris
1491 2075 1573 2130 Pater
1587 2078 1678 2130 noster
1695 2075 1745 2145 qui
1758 2075 1810 2131 di-

139 2184 210 2232 rent.
234 2157 341 2243 Quasi
360 2170 492 2240 inPetro,
511 2154 699 2239 nedeiiceret‚
715 2168 828 2225 Domini
848 2169 944 2244 egebat
997 2166 1256 2230 rectractatione
1269 2167 1473 2223 consolationem
1482 2168 1807 2238 aternametnpemtn

139 2269 250 2333 auritio,
265 2267 327 2339 quis
342 2265 394 2323 erit
407 2273 467 2321 tam
488 2269 672 2335 presumptor
692 2270 719 2318 et
732 2274 831 2330 eacus,
848 2262 894 2335 qni
913 2276 943 2320 se
995 2277 1060 2318 unm
1070 2266 1098 2318 in
1109 2265 1208 2333 araim,
1219 2262 1464 2319 enimteturcnrda
1476 2267 1577 2331 nestro,
1592 2265 1809 2334 eicontirmeiin

138 2362 173 2421 ad
187 2362 270 2434 hujus
281 2358 435 2417 custodiam
447 2356 608 2428 quotidiano
625 2354 739 2413 Domini
751 2355 846 2414 credat
862 2355 943 2430 adiu·
996 2357 1071 2410 omiti
1082 2370 1161 2426 apem
1170 2360 1197 2411 st
1206 2371 1326 2412 sermone
1338 2356 1404 2411 mna
1417 2357 1455 2421 (ll
1465 2356 1554 2411 luens.
1566 2359 1609 2422 n).

117 2457 210 2514 .torin
224 2470 280 2513 non
302 2458 402 2529 egeret
425 2450 579 2524 praesertim
600 2464 666 2506 cum
688 2450 746 2524 ipse
759 2451 897 2508 Dominus
913 2450 942 2508 in
1277 2457 1399 2515 CAPUT
1416 2458 1521 2515 xviii.

139 2551 284 2625 Evangelio
304 2550 357 2607 hoo
377 2548 467 2619 ipsum
487 2544 626 2602 undanter
644 2545 807 2618 expresserit
829 2545 940 2604 dicens:
984 2550 1075 2629 'Quod
1084 2563 1253 2633 perpetuitas
1266 2564 1369 2617 nummis
1383 2562 1578 2618 nominemini
1590 2578 1608 2617 a
1622 2563 1738 2620 nomem
1746 2578 1811 2622 m.

138 2649 212 2704 Siniti
228 2647 331 2717 palmes
346 2658 400 2698 nnn
417 2645 504 2712 potest
523 2642 645 2709 trucium
659 2642 748 2709 facere
767 2658 784 2696 a
805 2643 945 2713 semeipsn
1182 2642 1184 2653 '
1337 2636 1455 2701 senatur.

138 2738 447 2799 tiniaruitemanserii,
464 2736 596 2790 itaeiuns
609 2735 704 2789 nisiin
718 2749 759 2789 me
777 2737 942 2791 inanesciiis.
1039 2732 1288 2807 ipsumdenlqne⁶
1302 2734 1431 2790 timorem
1456 2735 1519 2807 Dei,
1532 2751 1589 2809 qun
1602 2734 1723 2794 tirmiter
1741 2752 1811 2795 eum

138 2839 175 2893 Et
188 2834 304 2891 ilerum:
323 2833 393 2901 Quia
411 2831 470 2886 sine
480 2845 521 2884 me
538 2829 609 2884 aiiii
622 2831 735 2898 potastis
750 2831 842 2896 locere
855 2831 940 2896 iinon.
996 2819 1089 2885 tenere
1102 2827 1249 2900 possimus,
1264 2842 1280 2884 a
1303 2828 1422 2904 Domina
1442 2829 1520 2886 nobis
1533 2828 1650 2900 infundi,
1671 2830 1813 2890 instruas

138 2932 201 2995 xv).
222 2928 314 2996 Quam
334 2926 372 2981 sit
388 2923 472 2996 igitur
485 2923 609 2993 ineptum
628 2935 662 2976 ao
677 2920 839 2994 sacrilegum
859 2920 941 2993 quid·
995 2919 1129 2994 prophete
1148 2937 1182 2978 ex
1196 2937 1314 2995 persona
1329 2922 1378 2979 Dei
1394 2922 1540 2981 manifeste
1554 2932 1684 2997 testetur,
1705 2925 1743 2983 ita
1763 2925 1809 2985 di·

139 3018 268 3090 quamde
281 3016 359 3074 bonis
372 3015 592 3071 actibusnostrae
610 3013 765 3082 industrio,
780 3021 808 3071 et
818 3029 874 3070 non
887 3014 939 3071 Dei
994 3029 1058 3070 cens
1071 3036 1077 3071 :
1091 3019 1127 3072 st
1140 3015 1209 3071 dada
1220 3018 1258 3072 eis
1272 3031 1316 3070 cnr
1335 3031 1430 3084 unum,
1446 3021 1472 3072 et
1487 3020 1607 3073 animum
1619 3034 1715 3088 unam,
1725 3023 1811 3076 utti-

138 3109 231 3184 gratiae
253 3109 293 3165 vel
306 3107 453 3180 ndJutnrim
476 3105 617 3179 deputare,
633 3105 779 3164 manifeste
796 3106 937 3179 probatur,
992 3115 1083 3167 meam
1090 3127 1131 3167 mc
1139 3111 1272 3166 uniuersis
1283 3112 1386 3175 diebus,
1398 3117 1423 3167 ei
1433 3112 1540 3169 danesii
1547 3115 1596 3178 eis,
1605 3115 1807 3184 amissorum

139 3202 280 3258 Dominica
310 3207 478 3274 protestante
504 3201 649 3271 sententia,
672 3201 731 3258 sine
753 3215 804 3258 sua
830 3200 944 3273 inspira-
960 3210 1056 3276 cpont
1068 3220 1121 3274 ens,
1133 3206 1267 3273 atteiam
1278 3204 1436 3276 eiepamm
1449 3208 1652 3278 sempiternum,
1662 3208 1810 3268 einande-

138 3296 223 3364 tione‚
245 3295 286 3352 uel
309 3294 503 3368 cooperatione
527 3295 663 3368 spiritales
685 3293 796 3353 tructus
815 3293 944 3352 exhibere
996 3300 1086 3353 sinum
1101 3300 1141 3353 eit
1155 3297 1315 3366 inminuere,
1327 3303 1353 3355 ct
1362 3301 1485 3353 timonem
1496 3314 1584 3354 mmm
1593 3301 1664 3356 dado
1674 3302 1704 3356 in
1721 3302 1808 3358 meda

137 3392 275 3449 neminem
292 3406 389 3463 posse:
406 3392 490 3450 Omne
506 3393 577 3448 enim
591 3392 687 3447 mium
710 3392 815 3456 donum,
831 3395 943 3448 tiamne
996 3407 1097 3456 mcum,
1111 3392 1369 3448 uinnnrecednniu
1382 3394 1659 3460 milensimam).
1672 3393 1809 3453 Ezechiel

137 3488 236 3543 dantum
256 3489 407 3556 perlectum
421 3486 562 3542 dmursum
582 3490 631 3550 eni,
651 3485 811 3541 insumens
828 3501 846 3539 a
863 3488 942 3541 Patre
994 3499 1122 3557 quoque:
1142 3489 1178 3542 iit
1196 3485 1265 3540 dabo
1280 3486 1318 3540 eis
1336 3500 1381 3540 cor
1395 3500 1503 3549 nanum,
1517 3490 1544 3542 et
1559 3488 1685 3558 (ρι’ήιιιπ(
1698 3502 1809 3544 uotum

138 3584 268 3639 luminum
280 3582 380 3654 (innuit
391 3584 424 3647 1).
437 3579 581 3636 Zacharias
593 3592 713 3651 quoque,
729 3578 822 3647 'Quia
834 3580 941 3649 siquid
994 3576 1306 3633 tribuaminuieceridus
1316 3593 1416 3642 eorum,
1425 3581 1587 3648 ctuuteram
1602 3595 1645 3636 ear
1658 3580 1806 3653 lapideum

138 3680 247 3745 danum,
261 3678 345 3748 ipsius
355 3678 410 3742 (ιτς
422 3675 480 3729 etsi
493 3673 561 3743 quid
568 3674 709 3742 optimum,
723 3671 758 3726 ud
771 3672 831 3742 ipsu
846 3673 937 3738 (zati.
993 3671 1225 3734 dccameencum,
1237 3675 1263 3727 ci
1272 3671 1342 3727 dado
1357 3675 1395 3728 eis
1409 3687 1454 3728 cnr
1467 3689 1604 3739 carneum,
1618 3677 1688 3731 uitis
1700 3692 1805 3746 moeoe·

138 3773 193 3845 ιιι).
215 3776 250 3828 Et
276 3769 336 3826 ideo
360 3775 517 3825 constanter
541 3766 637 3823 beatus
662 3764 838 3837 Apostolus:
866 3766 938 3834 Quid
988 3763 1807 3839 piismeisamduieni‚eijudiciameacustadiant,iaoionipne

136 3869 205 3922 enim
218 3867 298 3922 laudes
307 3862 379 3935 pund
387 3877 440 3918 nnn
454 3862 602 3935 erupisti?
615 3858 687 3930 quad
696 3860 722 3914 si
728 3860 861 3929 computi,
872 3859 940 3930 quid
993 3874 1035 3928 eo,
1046 3864 1072 3915 ei
1084 3860 1142 3915 sint
1154 3858 1223 3912 miii
1242 3857 1272 3911 in
1284 3858 1426 3929 papulum,
1445 3864 1470 3915 et
1490 3875 1538 3930 epo
1556 3863 1607 3917 nm
1621 3863 1659 3918 eis
1674 3864 1703 3917 in
1718 3865 1806 3919 Derim

134 3960 263 4029 pinciana
281 3958 364 4028 quoni
373 3971 425 4012 non
438 3956 568 4028 occepeme
581 3954 603 4026 ii
617 3953 676 4012 cn.
689 3956 753 4020 1v)?
994 3954 1137 4022 (Ezechiel.
1148 3944 1216 4011 iret
1230 3959 1353 4024 xxxvr).

691 4114 820 4171 attunt
839 4115 951 4172 GAZAEI
971 4115 1249 4173 COMMENTARIUS.

170 4283 183 4309 ⁸
193 4275 307 4358 Vulgata
322 4271 529 4354 versiotlrabeizu
542 4273 610 4338 erio
622 4272 693 4325 anim
704 4270 800 4324 matum
819 4269 877 4339 ejus
889 4274 937 4333 esi,
993 4267 1047 4324 itali
1062 4269 1230 4339 intelligitur,
1246 4284 1303 4339 quo
1317 4267 1379 4340 quis
1391 4268 1491 4352 metult
1503 4271 1593 4353 Deum
1613 4268 1758 4354 offendere
1773 4279 1803 4328 et

134 4342 937 4488 ⁶*illidimitisiiiiiililiiiiiiiii:
992 4338 1682 4482 iiiiiillliiiiiiiillililiil¹li⁰
1698 4350 1802 4471 “i'ii

133 4481 215 4535 nullis
242 4477 441 4547 antiquioribus
462 4487 504 4533 est
522 4424 693 4546 amneimffi’*

689 4482 711 4543 t,
735 4484 766 4533 ut
789 4478 817 4534 in
839 4479 938 4536 Gracco
992 4479 1097 4536 seruilis
1112 4487 1163 4548 est,
1181 4479 1209 4536 id
1228 4488 1280 4549 nst,
1298 4490 1430 4553 quatenus
1443 4483 1621 4554 conjunctum
1636 4483 1671 4540 lna
1730 4498 1799 4556 pec·

134 4549 244 4623 eiirpcu.
263 4550 298 4604 Et
310 4546 458 4618 Cyprianus
472 4547 518 4602 lib.
535 4560 572 4603 ιιι
588 4546 623 4603 ad
634 4545 779 4619 Quirinum
792 4567 800 4601 :
815 4552 936 4605 Tmtntin
991 4550 1071 4607 candi
1084 4548 1227 4620 affectum,
1244 4553 1292 4608 sed
1305 4561 1438 4626 quatenus
1453 4555 1538 4609 timor
1549 4554 1665 4626 quidam
1684 4563 1734 4623 est,
1748 4570 1800 4628 per

133 4640 179 4681 uns
194 4639 248 4679 iton
262 4620 412 4689 acnapnuit,
427 4621 482 4675 nisi
491 4620 618 4674 iumnna.
632 4619 722 4700 Quam
736 4617 883 4675 lectionem
896 4635 937 4676 ve
990 4636 1073 4694 quem
1087 4623 1226 4694 proposita
1238 4624 1452 4681 comminatione
1465 4639 1554 4751 pinnac
1572 4625 1724 4683 retrahitur
1735 4626 1800 4710 qus

1474 4711 1517 4751 nm

131 4712 192 4753 ram
210 4704 237 4753 et
259 4705 418 4768 germanam
443 4706 503 4749 esse
528 4689 669 4746 contendit
692 4688 838 4746 Cassianus
865 4688 943 4750 libro·
990 4692 1025 4749 ab
1036 4708 1118 4766 opere
1132 4694 1245 4766 peccati,
1261 4694 1306 4751 cui
1322 4711 1431 4767 pennam
1444 4696 1462 4751 il
1532 4697 1609 4753 novit
1624 4705 1798 4755 essecunsn-

131 4769 228 4840 quinto
240 4762 444 4823 institutionum
458 4762 547 4834 cupite
559 4759 668 4818 decimo
680 4767 760 4817 serto
771 4759 813 4817 his
827 4761 933 4821 verbis:
989 4772 1091 4823 tutam.
1108 4765 1267 4825 Huncenim
1280 4766 1410 4823 timorem
1421 4767 1570 4825 secundnm
1580 4783 1610 4824 se
1621 4768 1726 4825 malum
1737 4782 1794 4825 non

131 4844 187 4896 linc
207 4837 332 4910 Apostoli
347 4838 527 4892 testimonium
549 4849 602 4888 iton
622 4833 800 4903 intelligentes
821 4834 934 4903 puidam
990 4851 1060 4908 esse,
1082 4835 1249 4909 quinimmo
1267 4837 1371 4894 donum
1385 4839 1435 4895 Dei
1456 4853 1524 4906 csse,
1545 4836 1628 4895 docet
1643 4838 1795 4911 Apostolus

127 4914 276 4980 maurit
293 4924 342 4978 pro
358 4909 503 4964 iridicotitn
559 4908 672 4962 tatinum
693 4905 811 4968 modum,
827 4906 857 4960 id
874 4912 932 4963 est:
990 4910 1075 4964 Rom.
1089 4922 1158 4964 ιιιι.
1170 4909 1270 4965 Dicens
1282 4909 1374 4965 enim:
1388 4913 1447 4968 Non
1457 4912 1554 4966 iterum
1564 4913 1793 4983 accepistisnpiri

133 4983 254 5036 Tenatio
266 4994 311 5034 uns
323 4995 375 5032 nnn
386 4922 581 5049 appreiueafflt,
596 4981 651 5034 nt'ni
664 4978 791 5041 inmania,
810 4978 883 5048 pund
896 4979 932 5036 ad
990 4983 1047 5035 ium
1057 4981 1194 5036 nouitatis
1203 4981 1234 5034 in
1247 4982 1350 5044 timore,
1361 4980 1434 5038 haud
1448 4981 1564 5038 obscure
1579 4981 1719 5055 significat
1734 4988 1793 5038 eta

130 5055 188 5123 ipsa
198 5053 282 5121 napus
299 5049 354 5103 ἀίει·
361 5052 536 5117 ennniinsium
545 5053 593 5116 eni,
603 5066 656 5104 mm
670 5051 801 5120 opinus,
819 5050 933 5120 scalpro
989 5050 1091 5121 Spiritu
1103 5058 1197 5108 sancto
1211 5049 1285 5107 hunc
1300 5052 1427 5109 timorem
1440 5052 1583 5125 proficisci,
1598 5061 1627 5108 et
1638 5053 1673 5110 ab
1687 5068 1721 5110 en
1751 5052 1797 5109 ui·

130 5125 283 5180 rnnruiiantis
298 5120 405 5191 affectu.
418 5120 485 5175 Haec
498 5120 566 5190 ipse.
585 5120 668 5177 Unde
681 5121 785 5178 mirum
798 5127 840 5176 est
858 5120 932 5178 ilica
989 5119 1109 5179 busdam
1121 5121 1266 5193 aliquando
1281 5121 1377 5179 datum
1394 5122 1486 5190 inisse,
1502 5122 1608 5181 scilicet
1622 5124 1723 5196 populo
1733 5069 1795 5181 ffu-

130 5197 221 5266 seipso
245 5190 399 5258 dissentire,
417 5198 445 5245 et
466 5190 546 5245 aliam
570 5189 713 5248 lectionem
734 5194 821 5262 sequi.
849 5192 929 5261 Quod
987 5190 1067 5250 daieo
1085 5193 1114 5249 in
1129 5193 1185 5264 ipsa
1201 5192 1267 5277 legis
1283 5194 1450 5266 acceptione.
1473 5193 1795 5262 {conoscimento

132 5280 197 5320 vero
207 5262 396 5335 lricseqnitur:
406 5261 544 5330 scisceret
554 5276 614 5317 cum
625 5264 771 5318 tertiatione
781 5263 865 5316 etiam
875 5265 929 5317 eci·
987 5278 1053 5319 eum
1067 5263 1118 5320 ait:
1131 5266 1188 5321 Non
1196 5279 1266 5321 emm
1276 5264 1353 5322 dedit
1367 5267 1443 5322 nodas
1453 5271 1523 5324 Deus
1536 5269 1663 5337 spt'ritum
1674 5267 1794 5333 imane,

130 5339 186 5391 tum
201 5335 305 5407 [Graece
318 5332 441 5400 laianu),
454 5332 494 5388 sic
506 5331 571 5388 citat
583 5332 655 5389 hunc
669 5333 760 5389 locum
772 5330 851 5387 divus
860 5332 931 5388 iiie-
986 5348 1050 5390 eum
1072 5332 1198 5391 videlicet
1212 5335 1258 5418 qni
1272 5336 1339 5393 olim
1353 5336 1433 5394 datus
1451 5337 1539 5394 fumat
1552 5337 1665 5395 ludaeis.
1680 5333 1792 5392 Eodem

129 5419 263 5478 ronymus
280 5403 309 5458 in
323 5419 383 5475 cap.
404 5417 430 5459 ιι
446 5404 536 5459 Jonae.
562 5404 714 5478 Cyprianus
732 5414 812 5456 vern:
837 5401 930 5460 Faciet
984 5412 1090 5476 spectat
1102 5404 1167 5462 illud
1179 5408 1336 5466 imraexxur
1348 5426 1354 5464 :
1365 5410 1392 5465 Α
1403 5412 1497 5465 timore
1507 5415 1563 5473 nto,
1578 5410 1694 5476 Domine,
1705 5420 1800 5464 omoe—

129 5494 194 5533 cum
208 5475 359 5534 tentatione
375 5482 403 5531 et
423 5472 556 5530 evadendi
567 5474 736 5532 facultatem.
752 5472 822 5528 Cum
836 5480 929 5530 nutem
983 5479 1076 5546 pimus
1090 5481 1115 5532 ei
1122 5481 1275 5549 peperimus
1287 5481 1420 5551 Spiritum
1431 5483 1536 5537 solun'n.
1553 5481 1677 5554 Deniqm
1691 5477 1733 5535 sle
1745 5477 1793 5534 in·

130 5547 251 5602 isicium
262 5546 396 5620 significet
405 5545 475 5601 ultra
488 5545 624 5619 prosequi,
638 5553 666 5603 et
675 5557 847 5629 promovere,
858 5554 931 5602 recte
986 5555 1029 5603 ter
1042 5547 1091 5605 Dei
1106 5548 1178 5606 done
1193 5551 1400 5608 commendatur
1418 5550 1463 5608 hic
1476 5552 1572 5619 timor,
1592 5560 1624 5609 ut
1637 5547 1795 5608 sennodum

128 5621 212 5679 etlam
227 5621 305 5675 vertit
327 5617 452 5690 uulgatus
473 5617 569 5689 interp.
585 5635 592 5673 z
615 5619 705 5674 Faciet
717 5630 776 5670 cum
788 5618 932 5673 tertiatione
1004 5618 1170 5677 norumdam
1184 5623 1383 5694 expositionem
1399 5620 1506 5680 dicatur
1516 5625 1631 5680 initium
1649 5623 1793 5694 topiariis

125 5696 296 5764 praeventum.
474 5758 480 5771 ι
679 5756 710 5769 Η
849 5759 855 5770 ·
985 5633 1793 5764 &intermittemusinmincntiainminentia

164 5773 174 5800 ⁰
186 5766 325 5820 Timorem
339 5760 454 5817 Domini
473 5767 544 5814 tuter
555 5758 658 5816 donas
678 5767 756 5814 uuus
770 5767 855 5815 sanctu
872 5775 928 5816 nu·
981 5776 1042 5819 nnn.
1056 5764 1094 5831 t).
1107 5765 1152 5823 Sic
1166 5765 1240 5822 enim
1251 5767 1288 5823 D.
1305 5767 1476 5840 numetinus
1486 5774 1514 5825 et
1523 5765 1600 5825 Beda
1614 5765 1737 5840 exponit.

128 5843 217 5894 merat
229 5834 311 5892 isaias
323 5848 384 5905 cap.
406 5846 450 5888 ιι.
464 5828 545 5901 Quod
559 5844 617 5886 non
629 5774 718 5887 tofum
730 5830 764 5887 de
778 5830 881 5889 timore
893 5830 927 5886 d·
