3824 6164
127 188 185 247 8⁰9

682 188 853 247 connato
874 192 917 247 tx.
937 220 973 231 -

991 192 1036 247 DE
1054 191 1241 251 onustans.
1737 208 1790 267 sqq

130 313 183 371 stri
196 312 241 371 ills
254 315 398 385 muntia,
409 317 585 387 mecumque
597 320 707 372 orantes
717 320 821 389 petitis,
833 316 934 373 credite
945 322 974 384 Α
988 332 1072 389 quam
1096 328 1207 393 proptor
1231 319 1393 379 indefessam
1418 322 1585 397 petitionum
1608 342 1790 399 pemereran-

133 416 200 485 qta'a
211 417 356 487 accipietis,
367 420 393 471 et
404 417 512 473 amicat
522 416 597 472 uobis
619 414 719 488 (uara
732 418 789 486 st).

392 518 514 575 CAPUT
532 518 669 576 XXXlll.

169 610 286 681 objectio
295 612 368 682 quod
374 612 516 683 proedictre
525 614 706 669 exaudiremus
714 612 815 683 fiducia
828 616 935 669 tuntum

310 685 410 739 sanctis
425 685 563 739 corroeuiee
575 684 709 739 rideatur.

168 778 328 837 Germanus
341 797 348 836 :
361 782 441 837 Hane
454 780 638 839 exauditionis
652 780 782 838 ildariam
803 780 934 837 nimirum

136 870 171 929 de
181 874 356 931 couscientia
366 876 483 948 puritate
491 874 632 932 eredimus
646 890 786 932 emanare.
798 876 934 932 Gaeterum

133 980 196 1037 nos,
205 984 323 1039 quorum
333 984 382 1026 cor
389 968 479 1026 adhuc
487 978 664 1043 peccatorum
675 970 752 1041 spina
762 968 933 1040 compungit,

128 1060 366 1132 quemadmodum
386 1062 558 1120 eamhabcre
576 1078 733 1135 possumus,
753 1061 835 1120 nullis
848 1070 935 1134 patro

127 1153 288 1212 -eiaantibus
302 1157 409 1213 meritis
420 1157 518 1230 quibus
529 1156 712 1214 exaudiendas
727 1157 864 1213 orationes
875 1170 936 1213 nos·

132 1255 192 1305 tras
207 1249 368 1307 fiducialiter
378 1256 597 1323 praesumamus?

399 1356 521 1411 CAPUT
532 1356 667 1411 XXXlV.

205 1450 348 1518 Resporese'o
358 1449 392 1504 de
404 1448 519 1505 diuersis
529 1450 735 1504 exauditionum
745 1449 844 1504 causis.

167 1542 245 1595 lsaac
258 1557 265 1595 :
278 1548 290 1575 ⁸
302 1540 429 1598 Diversus
441 1542 648 1598 exauditionum
658 1556 755 1598 causas
771 1556 832 1598 esse
843 1557 936 1598 secun-

129 1630 199 1689 dum
209 1634 363 1691 animarum
377 1636 517 1693 diversum
529 1652 562 1693 ac
576 1637 684 1693 varium
698 1644 802 1693 statum
817 1651 935 1710 evange·

987 414 1055 470 tiam
1073 412 1308 487 importunitatem
1322 432 1413 475 sermo
1427 419 1590 477 Domiuieus
1616 424 1783 483 nominarit.

988 506 1788 585 Amemuemeadieorobis,quiasinouprepteramicitiam,
1852 498 1860 513 ’

988 602 1030 656 rel
1040 606 1153 672 propter
1176 602 1412 673 importunitatem
1441 608 1499 677 ejas
1524 612 1616 678 srerqet
1630 612 1656 665 et
1676 610 1793 669 dubitet

988 700 1123 767 quaestum
1140 711 1207 767 qaus
1218 696 1344 753 babuerit
1355 700 1443 765 terico
1456 704 1510 767 xi).
1525 702 1616 757 Habes
1631 701 1660 757 iu
1669 703 1787 761 elecmo-

989 804 1122 863 synarum
1146 789 1235 847 [ructu
1259 811 1265 846 :
1288 792 1408 857 luclade,
1423 792 1526 865 inquit,
1551 796 1742 865 eleemosynam
1760 800 1790 855 in

990 885 1068 941 corde
1076 890 1215 957 pauperis,
1228 891 1254 942 et
1265 889 1326 959 ipso
1339 888 1426 943 orcbd
1435 904 1487 960 pro
1502 894 1527 945 te
1539 892 1567 945 iu
1579 895 1695 962 tempore
1708 892 1790 948 tribu

991 978 1099 1035 latronis
1124 982 1218 1051 (Ereto.
1247 981 1343 1053 xxxx).
1360 980 1453 1037 Habes
1471 982 1499 1039 in
1521 985 1714 1041 emendatione
1730 985 1790 1045 vitm

989 1081 1017 1129 et
1034 1073 1163 1145 operibus
1175 1074 1380 1144 misericordiae,
1399 1076 1553 1133 meandum
1569 1077 1636 1135 illud
1651 1099 1658 1136 :
1674 1082 1791 1137 Dissolne

987 1168 1169 1238 colligationes
1182 1170 1345 1239 impietatis,
1366 1170 1437 1223 solue
1457 1171 1599 1237 [eredentes
1613 1173 1791 1243 deprimentes

988 1262 1183 1333 (isaianum).
1208 1264 1244 1319 Et
1257 1269 1318 1334 post
1339 1276 1435 1334 pauca,
1453 1262 1554 1334 quibus
1568 1262 1731 1321 infructuosi
1746 1264 1789 1337 jc-

984 1354 1056 1427 junii
1077 1354 1207 1411 sterilitas
1228 1354 1395 1429 castigatur:
1418 1358 1502 1426 Turre,
1517 1354 1624 1428 inquit,
1639 1358 1787 1423 invocabis,

989 1452 1015 1503 et
1025 1451 1156 1505 Domitius
1177 1448 1347 1517 eraerdiette3
1361 1453 1385 1505 et
1404 1450 1543 1514 elamabis,
1567 1452 1594 1505 et
1606 1450 1702 1506 dicet:
1724 1454 1790 1507 Eece
1814 1450 1817 1455 '

988 1541 1088 1597 adsum
1105 1542 1213 1609 (ibat).
1238 1544 1452 1614 Nonnumquam
1479 1558 1544 1599 sane
1570 1545 1691 1601 exaudiri
1706 1546 1789 1604 etiam

988 1634 1198 1691 tribulationum
1217 1635 1341 1692 nimietas
1365 1634 1440 1706 iacit,
1459 1637 1609 1694 secundum
1628 1637 1718 1697 illud:
1741 1642 1789 1699 Ad

132 1726 185 1784 lica
199 1728 256 1785 sive
275 1730 434 1802 prophetica
457 1739 594 1788 testantur
615 1730 738 1802 eloquia.
757 1730 850 1786 Habes
863 1730 939 1786 enirn
954 1722 978 1785 B
992 1731 1147 1792 Domitium,
1165 1746 1225 1784 eum
1238 1728 1393 1793 tribularer,
1406 1730 1531 1799 cluniaci,
1547 1736 1572 1786 ct
1593 1732 1733 1789 exaudiret
1747 1749 1789 1791 me

131 1821 291 1880 iudeorum
304 1826 481 1883 consensione
491 1824 613 1883 fructum
630 1824 813 1882 exauditionis
834 1824 936 1881 Domi·
990 1826 1075 1891 (Psal.
1100 1826 1196 1897 cxix).
1221 1828 1257 1881 Et
1276 1824 1375 1881 iterum
1395 1846 1402 1881 ε
1421 1828 1460 1883 lie
1472 1828 1634 1895 asdiaeritis
1647 1829 1788 1897 aduenam3

135 1915 195 1973 nica
210 1934 274 1974 voce
289 1918 436 1991 signatum,
452 1918 604 1976 seeundum
624 1918 713 1975 illud:
730 1920 763 1975 st
776 1919 830 1974 duo
845 1935 879 1975 ce
891 1934 935 1974 co·
987 1921 1083 1992 quiesi
1092 1920 1789 1991 clama-uerit,exaudiameum,qaiumieerieorssam

135 2010 175 2065 bis
189 2014 366 2067 conseruerint
380 2015 587 2083 superterram,
608 2012 642 2066 de
657 2014 731 2067 omrai
744 2028 772 2067 re
786 2028 934 2082 quemeum—
988 2013 1087 2081 (Erod.
1102 2014 1192 2085 xxxi).
1208 2012 1312 2069 t'idctis
1335 2028 1400 2085 ergo
1425 2022 1493 2084 quot
1519 2012 1609 2071 modis
1633 2014 1789 2073 obtineatur

133 2120 185 2175 pree
193 2107 339 2174 petierint,
361 2108 406 2173 {tet
421 2106 476 2159 illis
492 2107 602 2160 aPutre
615 2120 687 2173 meo,
702 2108 753 2175 qrei
766 2108 794 2159 iu
808 2108 879 2161 cules
895 2112 935 2161 est
987 2106 1167 2163 exauditionis
1180 2106 1276 2179 gratia,
1292 2115 1321 2162 ut
1336 2105 1427 2161 nullus
1446 2105 1479 2162 ad
1494 2107 1664 2179 impetranda
1682 2124 1713 2165 ea
1727 2124 1788 2181 quar

132 2198 353 2265 (uaeraxuu).
366 2197 459 2253 Habes
474 2197 559 2253 aliam
572 2197 600 2253 in
615 2197 677 2254 lidei
692 2197 859 2269 plenitudine
873 2215 934 2272 quae
987 2200 1112 2257 salutaria
1139 2206 1206 2254 srrnt
1232 2207 1259 2256 et
1284 2205 1395 2267 aeterna,
1421 2200 1594 2256 eonscientiae
1613 2216 1671 2257 suae
1689 2201 1787 2273 despe-

133 2304 222 2361 grano
239 2289 341 2361 sinapis
361 2300 546 2363 comparatur.
560 2293 588 2351 Si
612 2293 695 2363 euim,
721 2292 822 2366 iuquit,
834 2296 933 2351 tabae·
987 2294 1092 2349 ratione
1111 2290 1261 2365 iraugatur.
1287 2294 1328 2349 tn
1345 2292 1418 2347 euim
1440 2290 1613 2348 miseriarum
1628 2302 1787 2353 nostrarum
1807 2362 1811 2367 ,

132 2386 197 2439 ritis
210 2384 292 2454 fidem
305 2388 625 2460 siurtqranumsiaapis,
640 2388 832 2444 dieciismonti
847 2390 931 2445 hiric:
986 2387 1218 2459 eoritemplatione
1260 2385 1428 2452 concedam,
1464 2402 1516 2443 uos
1554 2388 1682 2445 omnibus
1718 2388 1785 2459 illis,

139 2479 238 2534 Trurasi
252 2478 324 2541 lu'nc,
339 2482 364 2533 et
378 2480 518 2546 tenuabit,
530 2487 556 2538 et
569 2482 640 2537 uitii
652 2482 813 2553 impossibiie
825 2486 876 2538 erit
888 2498 933 2539 ro-
985 2496 1054 2553 quas
1078 2496 1161 2552 supra
1190 2480 1418 2547 memoravimus,
1432 2480 1540 2551 penitus
1562 2480 1707 2539 destitutos
1728 2498 1788 2541 esse

132 2571 176 2633 ,tn
190 2573 304 2640 (Mutila.
320 2578 409 2642 xvix).
434 2574 527 2633 Habes
540 2575 568 2631 ia
581 2574 740 2633 assiduitate
762 2576 930 2646 orationum,
985 2574 1147 2645 uirtutibus,
1162 2582 1190 2630 et
1202 2589 1253 2631 uec
1272 2574 1349 2631 illam
1363 2588 1415 2630 nos
1429 2572 1529 2631 babere
1543 2575 1709 2635 laudabilem
1723 2576 1788 2635 duo

683 2729 811 2784 tranat
829 2729 943 2785 GAZAEl
961 2726 1241 2783 COMMENTARIUS.

133 2864 225 2923 raeque
246 2865 307 2923 cap.
327 2857 361 2909 tt
379 2850 492 2909 iuferius
510 2852 688 2922 explicantur.
711 2856 760 2908 Est
781 2853 855 2909 euim
879 2851 933 2909 hoc
986 2856 1094 2909 Patrem
1106 2853 1251 2906 innomine
1262 2866 1328 2917 meo,
1341 2850 1509 2905 eontracta.
1521 2850 1729 2915 Eraudiuatur,
1742 2852 1788 2909 iu·

133 2920 294 2979 discriminis
317 2922 388 2979 inter
409 2924 606 2995 promissiones
626 2925 677 2980 Dei
711 2924 880 2980 affirmantes
905 2932 933 2979 et
985 2923 1057 2994 quit,
1072 2938 1159 2977 omnies
1170 2924 1260 2977 saucii
1267 2937 1319 2991 pro
1331 2923 1445 2990 seipsa:
1461 2938 1515 2975 uon
1527 2926 1617 2977 rentem
1634 2938 1685 2991 pro
1703 2926 1789 2979 omeri-

132 3002 273 3067 uegantes,
297 2991 371 3064 quod
389 2995 653 3065 negantesabsolute
674 3003 702 3051 et
721 2996 780 3051 sine
803 2996 856 3052 ulla
881 3011 932 3051 ex·
987 2995 1035 3049 irus
1049 2994 1247 3055 cramliuutur,
1264 2994 1319 3047 siue
1334 2994 1436 3055 amicis,
1458 2994 1512 3047 sire
1524 2994 1650 3056 inimicis,
1666 2995 1707 3049 cel
1723 2996 1787 3063 qui-

131 3065 258 3137 eeptioue
280 3063 481 3133 intelligantur,
504 3064 676 3120 nitirnrantes
691 3080 754 3121 vero
777 3082 932 3137 numquam
987 3066 1100 3121 buslibet
1112 3066 1186 3131 aliia
1201 3064 1266 3134 quia
1280 3078 1334 3117 neu
1347 3068 1489 3132 utcumque
1502 3063 1604 3118 dictum
1622 3068 1676 3127 est,
1689 3064 1785 3135 derue,

132 3134 268 3201 absolute,
290 3133 337 3190 sed
359 3134 498 3190 cumbae
531 3135 687 3204 exceptione
707 3136 826 3205 generali
848 3179 854 3192 .
879 3136 931 3193 nisi
986 3138 1042 3205 sed,
1063 3136 1140 3191 dabit
1163 3136 1246 3191 roba.
1274 3132 1397 3189 monnau
1420 3132 1542 3189 conditio
1556 3142 1597 3189 est
1612 3142 1642 3189 ut
1658 3143 1787 3205 petantur

131 3206 201 3277 quid
215 3204 357 3275 impediat,
369 3205 409 3259 vel
422 3204 566 3261 simili.Ut
575 3205 660 3261 Marci
670 3220 743 3261 xva:
760 3208 812 3273 Qui
820 3207 934 3262 eredide-
986 3207 1155 3271 necessaria,
1173 3207 1214 3261 rel
1233 3204 1309 3260 utilia
1328 3204 1362 3260 ad
1383 3206 1508 3259 salutem.
1532 3207 1623 3329 qnam
1644 3205 1785 3263 conditio·

132 3279 181 3339 rit,
197 3280 224 3330 et
236 3276 389 3344 baptizatus
401 3276 501 3341 suerit,
514 3277 604 3331 saleru
619 3278 672 3331 erit
686 3275 806 3400 §suppia
818 3277 840 3331 si
854 3284 936 3333 eaete-
948 3269 970 3331 C
984 3293 1047 3333 uem
1069 3276 1170 3349 colligit
1191 3276 1265 3331 idem
1288 3275 1459 3345 Augustinus
1488 3290 1520 3330 ex
1536 3292 1551 3356 Ιι
1563 3276 1596 3331 lis
1619 3276 1707 3333 verbis
1731 3297 1737 3332 :
1753 3282 1785 3335 ia

132 3345 686 3418 rababeatueeessaria).Quiuerononcre
705 3347 934 3411 ider·it,coudem-
988 3352 1093 3403 nomiae
1122 3364 1187 3402 meo.
1212 3346 1398 3415 (inultumque
1422 3348 1506 3409 urim,
1534 3346 1634 3417 inquit,
1667 3352 1785 3417 petimus

130 3419 252 3473 auditur.
262 3418 493 3490 ltaqrresenteutia
501 3424 527 3472 et
534 3417 745 3489 promissioillar
756 3422 934 3490 Quacumque
987 3420 1118 3475 cerrenus
1131 3419 1280 3472 utilitatem
1296 3417 1409 3479 salutis,
1431 3432 1484 3470 uera
1495 3418 1613 3485 petinms
1630 3420 1660 3471 iu
1678 3423 1784 3477 recarreine

132 3494 237 3545 orentes
248 3492 353 3571 petetis,
369 3489 468 3545 credite
486 3492 552 3558 qaia
572 3492 717 3560 acceptetis,
733 3497 797 3559 ete,
820 3492 932 3547 comsit
986 3490 1150 3555 selectorum
1169 3492 1195 3544 et
1212 3491 1301 3541 taurea
1333 3488 1390 3557 ipse
1414 3488 1539 3543 Srrlrator
1558 3492 1607 3555 est;
1628 3504 1681 3543 aon
1698 3492 1784 3547 solnm

129 3560 307 3627 affirmativa,
327 3571 435 3617 nonest
455 3560 577 3617 absolute
595 3560 779 3633 intelligenda,
804 3561 852 3618 sed
866 3577 929 3618 curu
984 3562 1092 3630 quuado
1105 3562 1173 3627 {ecit
1184 3558 1255 3629 quod
1264 3560 1391 3627 petimus,
1404 3574 1496 3613 ererum
1510 3560 1592 3613 etitem
1605 3560 1714 3629 qrearrdo
1731 3578 1784 3619 noa

130 3630 182 3688 bac
193 3630 373 3690 conditione:
398 3631 420 3687 si
434 3641 507 3688 recte
521 3632 630 3704 petatis.
646 3634 725 3687 Hanc
746 3632 818 3688 euim
832 3632 925 3690 condi·
982 3634 1062 3701 sacia
1100 3634 1211 3687 acerimu
1232 3630 1305 3699 quod
1321 3630 1393 3685 er'det
1403 3632 1461 3699 peti
1473 3634 1565 3684 curura
1584 3632 1709 3696 srrluteru,
1729 3649 1784 3691 reon

130 3702 236 3759 tionem
257 3702 458 3775 intelligendam
477 3719 536 3760 esse
549 3703 671 3760 insinuat
684 3704 713 3759 S.
728 3704 867 3771 lacobus,
883 3704 927 3761 di·
980 3648 1105 3772 [querab
1116 3705 1180 3773 plus
1194 3718 1221 3757 se
1237 3702 1343 3756 enbibet
1357 3702 1533 3769 saluatorem.
1548 3703 1628 3759 Nouii
1646 3706 1716 3758 euim
1726 3721 1782 3759 rue-

128 3789 194 3832 eeus
215 3797 222 3831 ε
237 3778 341 3845 Petilia,
358 3782 384 3832 et
395 3791 448 3831 areu
462 3778 593 3847 acapritis,
610 3792 638 3832 ee
662 3777 734 3846 quod
746 3777 816 3832 maele
826 3779 928 3847 petatis
981 3776 1057 3831 dirus
1071 3775 1139 3846 quid
1155 3790 1205 3845 pro
1217 3788 1276 3836 sua,
1290 3773 1357 3842 qnid
1370 3777 1462 3827 eorrtra
1477 3772 1591 3826 salutem
1605 3788 1681 3826 saraim
1690 3780 1784 3843 poscat

131 3845 192 3917 (lae.
208 3846 262 3915 m.
981 3852 1107 3915 eeqrotns:
1119 3850 1145 3900 et
1163 3846 1223 3899 ideo
1237 3845 1374 3898 contraria
1386 3844 1518 3911 poscentis
1528 3856 1581 3895 uou
1599 3844 1669 3909 sarcit
1687 3846 1783 3900 colare-

163 3928 177 3952 *
192 3919 281 3987 Pergit
301 3924 404 3972 auctor
418 3916 553 3984 explicare
569 3915 669 3985 quibus
682 3915 798 3980 mediis,
813 3917 927 3971 rationi·
981 3920 1073 3983 testem,
1090 3922 1120 3972 ut
1134 3917 1222 3982 faciat
1236 3916 1399 3968 sanitatem:
1412 3915 1577 3982 qaeerprapter
1589 3913 1782 3980 paturneloeola·

130 3984 183 4043 bus
197 3996 225 4041 et
243 3984 446 4040 conditionibus
465 3983 603 4038 irreitiusa
623 3986 683 4037 Deo
705 3984 885 4040 exaudiamur
901 3995 930 4042 et
982 4001 1041 4040 uras
1057 3992 1086 4041 ut
1110 3987 1194 4052 uniat
1213 3985 1397 4065 quodcumqae
1419 3986 1545 4053 petimus,
1560 3998 1613 4035 reoa
1628 3987 1780 4054 utcumque,

130 4057 309 4125 impetremus
320 4054 393 4124 quad
406 4053 529 4126 petimus.
552 4055 755 4107 Enumerantur
768 4060 860 4109 autem
886 4054 929 4112 hie
982 4056 1029 4110 sed
1042 4057 1071 4107 in
1080 4058 1187 4109 nomine
1198 4070 1265 4123 epus,
1286 4056 1333 4109 lioc
1343 4058 1397 4115 esi,
1413 4056 1441 4105 ia
1453 4054 1560 4107 nomine
1577 4054 1728 4109 Solemnis

130 4141 180 4180 sex
197 4123 366 4179 conditiones
388 4140 403 4179 e
420 4124 505 4179 sacris
519 4122 615 4178 litteris
629 4122 766 4187 collecta,
787 4139 850 4195 quae
864 4140 930 4181 ora-
984 4129 1081 4179 taurus.
1092 4128 1133 4180 lta
1146 4124 1323 4203 augustiuus.
1336 4126 1437 4177 Verum
1452 4121 1590 4177 efficacius
1604 4123 1650 4179 illa
1659 4124 1782 4184 cotrdrtio

130 4196 237 4251 tionem
259 4195 346 4250 solent
359 4194 471 4251 reddere
489 4192 629 4250 eilieaeem
649 4200 676 4249 et
693 4194 928 4265 impetratoriam,
982 4194 1072 4266 colligi
1082 4208 1162 4266 posse
1174 4192 1292 4259 ardetur,
1309 4201 1339 4248 ut
1359 4191 1462 4262 colligit
1477 4196 1593 4260 Auctor,
1614 4210 1646 4249 ex
1668 4193 1714 4251 illa
1734 4199 1782 4254 Jo-

129 4266 184 4322 hoc
211 4273 266 4333 est,
295 4265 384 4323 ‘avare
404 4265 439 4322 ad
454 4264 666 4337 impetrandum
686 4281 784 4336 nempe
812 4266 929 4323 charitas
982 4266 1061 4321 auaris
1072 4264 1202 4322 sententia
1218 4284 1224 4319 :
1240 4266 1302 4318 Huc
1324 4269 1363 4319 est
1379 4262 1478 4332 {idanus
1496 4280 1579 4333 quarn
1598 4266 1725 4323 balareias
1744 4270 1782 4327 ad

127 4337 263 4401 fraterna,
287 4282 371 4405 bees,
393 4336 605 4408 perseverantia,
630 4337 823 4409 eleemosynae,
840 4338 928 4408 poeni·
981 4341 1075 4405 burm,
1091 4339 1156 4407 quio
1176 4335 1312 4405 quidquid
1327 4337 1486 4407 petierimus
1498 4338 1642 4392 sectandam
1655 4340 1781 4397 retemta-

127 4408 224 4473 teutia,
239 4414 266 4462 et
293 4407 456 4465 aillietorum
478 4407 605 4480 gemitus.
621 4408 758 4464 Caeterum
775 4408 817 4465 lieu
830 4409 928 4466 condi·
982 4414 1034 4463 tem
1049 4409 1121 4479 ejus,
1143 4407 1277 4463 aedituos
1293 4409 1314 4473 (l
1335 4409 1413 4461 laerrr.
1430 4405 1470 4479 u).
1488 4408 1569 4464 Unde
1590 4408 1670 4465 infert
1684 4414 1780 4482 Augu·

126 4480 218 4537 tiones
239 4479 289 4534 etsi
305 4480 426 4535 multum
442 4478 548 4534 valeant
563 4478 598 4535 ad
612 4479 831 4551 impetrandum,
855 4496 926 4553 prae-
981 4480 1090 4535 stiuus:
1106 4483 1178 4549 Ergo
1196 4494 1276 4549 super
1287 4480 1329 4533 leis
1341 4484 1446 4534 turmam
1458 4480 1569 4550 plerurrn
1581 4495 1626 4537 uos
1639 4487 1664 4537 et
1675 4483 1779 4540 indubi-

125 4550 223 4611 sertim
240 4550 320 4605 simul
338 4552 440 4623 junctae
454 4557 481 4605 et
499 4558 701 4618 concurrentes,
717 4567 772 4607 nou
784 4552 819 4608 ita
834 4559 927 4609 tamen
981 4552 1091 4607 labilem
1101 4552 1143 4621 ju.
1171 4553 1176 4562 '
1233 4551 1382 4606 auditionis
1394 4552 1490 4605 turbere
1503 4554 1713 4623 patriciumque
1726 4571 1779 4611 non

125 4630 160 4681 ut
183 4620 367 4690 infallibilem,
381 4628 487 4677 certum
502 4628 529 4675 et
549 4629 710 4691 perpetuum
732 4623 847 4679 habeant
872 4624 926 4679 im·
939 4652 965 4715 D
978 4626 1077 4679 icastris
1095 4556 1247 4699 com,
1270 4638 1316 4677 erec
1325 4624 1428 4678 solatiis
1443 4625 1643 4691 ieruporalibus,
1660 4626 1706 4679 scd
1723 4630 1778 4679 Do·

125 4692 286 4767 patrationis
301 4691 442 4749 eflectum.
459 4690 539 4747 Nulla
560 4691 633 4745 enim
653 4701 695 4748 est
709 4692 760 4749 Dei
781 4694 924 4765 promissio
977 4697 1046 4750 mirri
1058 4694 1362 4765 eorepruuateolrurtate'.
1376 4693 1453 4759 Orroei
1464 4696 1544 4745 retiam
1557 4694 1777 4747 irroratiouciio·

124 4764 268 4831 absoluta,
292 4780 344 4835 qua
369 4762 435 4819 certi
461 4759 614 4817 eiliciamur
633 4778 684 4817 nos
706 4763 829 4819 absolute
850 4765 925 4891 quod
978 4769 1078 4821 cairatea
1092 4768 1237 4821 admiscere
1247 4762 1560 4833 praeiprimureliceretes,
1581 4763 1643 4814 Fiat
1655 4764 1778 4821 rolrartas

979 4842 1037 4898 trra,
1050 4839 1157 4898 seilicet,
1168 4851 1220 4888 non
1237 4838 1328 4888 suestra
1339 4832 1422 4899 (t'ide
1435 4830 1564 4909 bellarm..
1575 4829 1623 4884 lib.
1639 4844 1650 4885 1
1663 4830 1697 4886 de
1709 4836 1775 4891 Bora.

983 4907 1065 4976 (iper.
1088 4921 1147 4974 cop.
1174 4908 1212 4965 9).
1231 4903 1321 4957 Tertia
1344 4898 1463 4955 conditio
1488 4905 1518 4953 ut
1539 4914 1580 4970 pre
1619 4908 1725 4961 emmas
1750 4914 1777 4962 et

981 4990 1102 5032 oremus.
1116 4974 1204 5029 Pietas
1221 4980 1312 5028 autem
1333 4970 1393 5026 haec
1413 4968 1532 5041 quinque
1544 4916 1713 5031 conffiriona
1732 4976 1776 5032 in-

981 5045 1076 5113 cludit,
1098 5043 1248 5101 seeundum
1267 5041 1320 5099 dir.
1340 5040 1476 5098 anonam
1491 5041 1537 5098 ubi
1551 5059 1633 5115 supra
1653 5065 1660 5101 :
1680 5046 1774 5117 taem,

981 5133 1072 5189 spem,
1109 5114 1287 5181 charitatem,
1317 5111 1499 5170 bumilitatem
1534 5121 1561 5170 ct
1588 5116 1773 5175 devotionem.

982 5190 1085 5258 Quarta
1112 5185 1233 5242 conditio
1260 5192 1290 5240 ut
1312 5193 1513 5257 perseveranter
1540 5200 1663 5241 oremus.
1698 5189 1777 5246 llauc

981 5260 1053 5316 enim
1067 5257 1252 5314 conditionem
1266 5256 1389 5312 Christus
1399 5256 1561 5311 inculcatam
1574 5257 1658 5313 voluit
1670 5258 1777 5319 duabus

982 5331 1033 5387 illis
1047 5328 1197 5402 parabolis,
1216 5328 1302 5384 altera
1316 5326 1464 5399 importuni
1484 5328 1563 5383 amici
1579 5344 1662 5400 panes
1677 5330 1776 5389 intem·

981 5412 1058 5475 pesta
1073 5410 1154 5459 noete
1176 5400 1210 5457 ab
1228 5399 1317 5456 antico
1337 5398 1462 5471 petentis,
1476 5400 1558 5455 Luem
1572 5415 1616 5467 x1;
1639 5403 1721 5457 altera
1736 5406 1776 5460 ri·

982 5474 1044 5529 duae
1075 5473 1231 5544 improbum
1253 5471 1375 5544 judicem
1411 5469 1567 5542 importune
1592 5472 1777 5547 sollicitantis,

982 5546 1064 5600 Lucae
1077 5559 1169 5601 xvxix.
1183 5547 1239 5601 liec
1251 5542 1323 5598 aliud
1337 5541 1493 5614 signitteure
1507 5541 1592 5596 voterit
1604 5542 1656 5599 illis
1669 5545 1778 5604 uerbis:

983 5617 1091 5687 Oportet
1110 5631 1214 5685 semper
1227 5630 1304 5669 ouue
1319 5619 1343 5669 et
1358 5628 1504 5683 numquam
1524 5613 1642 5684 (inficere,
1667 5624 1698 5675 ut
1724 5620 1779 5691 pto·

982 5690 1044 5745 nius
1063 5688 1186 5762 sequenti
1203 5686 1345 5745 collatione
1357 5683 1548 5743 declarabitur.

125 4835 287 4909 petierimus
307 4836 515 4905 impetraturos,
533 4832 625 4903 positis
637 4832 689 4888 illis
707 4833 855 4890 conditioni
878 4851 924 4905 us3

124 4922 191 4965 eum
206 4921 314 4976 serrrper
330 4906 494 4976 intelligatur
505 4904 549 4958 illa
568 4902 687 4960 conditio
709 4923 715 4960 :
731 4908 763 4961 Si
779 4910 926 4962 coeterure-

145 4978 230 5033 uisite
251 4978 350 5032 adserit.
365 4978 499 5045 Quianam
514 4990 577 5031 vero
592 4975 644 5031 siut
664 4975 719 5042 illa,
735 4976 854 5031 declarat
870 4976 925 5033 dir.

152 5050 249 5105 tremas
263 5048 306 5104 bis
321 5048 412 5103 uerbis
428 5052 497 5113 (2-2,
512 5062 538 5118 q.
554 5050 603 5113 83,
617 5051 671 5101 art.
686 5052 734 5113 ta)
752 5068 758 5103 :
775 5050 925 5112 Pulsantur,

122 5119 231 5190 inquit,
259 5124 377 5190 quatuor
404 5119 565 5173 corretitioaes
590 5118 687 5187 quibus
712 5120 927 5174 correctrrentr'bus

121 5206 232 5262 semper
245 5192 345 5260 aliquis
360 5193 487 5261 irapelrut
499 5189 571 5258 qrrod
585 5192 675 5259 petit:
690 5194 721 5245 ut
730 5191 827 5245 scilieet
839 5206 890 5261 pro
901 5208 929 5247 se

120 5266 219 5335 petat,
239 5265 386 5317 accessoria
403 5262 441 5315 ad
462 5262 585 5326 salutern,
608 5262 654 5331 pie
672 5270 697 5319 et
713 5266 925 5332 perseueranter.

122 5334 206 5404 Quas
222 5333 392 5389 conditiones
408 5332 513 5405 jtrverit
534 5330 577 5386 liic
588 5332 669 5403 paulo
690 5333 859 5389 enucleatius
878 5350 927 5389 ex-

124 5402 238 5477 plicare·
258 5404 347 5460 Primo
368 5405 457 5474 itaque
469 5403 588 5460 conditio
606 5411 647 5459 est
662 5414 693 5461 ut
707 5421 756 5477 pro
768 5421 798 5462 se
812 5406 927 5477 quisque

126 5482 214 5547 petat.
237 5477 300 5531 lton
321 5475 394 5531 enim
406 5490 514 5546 semper
532 5475 715 5532 exaudiantur
726 5477 810 5533 etiam
828 5477 925 5541 sarlati,

127 5544 196 5604 dum
211 5563 261 5620 pro
274 5546 334 5603 aliis
350 5555 443 5615 orant,
460 5545 569 5618 quaudo
583 5547 687 5603 seilicet
704 5548 742 5604 illi
761 5563 810 5620 pro
829 5547 927 5619 quibus

122 5627 208 5691 orant
230 5618 303 5692 digai
318 5634 372 5673 nou
386 5626 450 5673 sunt
473 5618 518 5690 qui
542 5618 690 5690 accipiant,
716 5628 746 5674 ut
768 5618 849 5674 docet
871 5617 924 5674 dir.

126 5692 297 5763 Augustinus
311 5695 425 5745 tractatu
441 5695 475 5744 tt
497 5690 524 5743 in
548 5693 701 5757 loannem,
721 5690 799 5760 idque
825 5689 928 5761 colligit

127 5774 164 5823 ex
181 5760 235 5819 illis
247 5760 338 5817 verbis
351 5760 462 5817 Domini
473 5762 553 5818 loau.
574 5777 630 5819 xux
646 5783 652 5818 ε
667 5764 697 5819 Si
711 5763 781 5834 quid
792 5763 927 5834 petieritis

236 5852 369 5907 Parnoi..
387 5850 496 5907 xtax.
1607 5856 1641 5905 aa
