3848 6158
131 269 195 323 leot

497 270 664 328 contario
683 272 751 327 11111.
770 300 807 312 -
824 272 869 329 att
888 269 1092 329 Remissioris
1110 269 1412 339 admontensium.

1716 270 1784 331 1202

127 409 295 468 operumque
306 403 466 452 nostrorum
483 395 604 453 decimas
618 394 778 465 offeramus,
788 411 851 467 quae
865 411 927 468 pro-
940 399 967 463 Α
982 395 1087 452 nendos
1100 395 1124 452 el
1140 395 1260 468 hymnos
1273 395 1362 467 primo
1373 395 1509 451 labiorum
1525 395 1643 451 claustra
1657 409 1782 453 reseran-

129 486 199 545 ieeto
215 488 243 544 in
256 491 452 562 supputatione
472 489 692 562 Quadragesimee
718 489 857 546 evidenter
878 489 930 546 im·

128 580 244 652 plentur.
264 583 399 639 Omnium
411 584 486 640 enim
499 582 606 640 dierum
625 599 756 642 numerus
770 582 871 656 quihus
884 597 931 639 re-

129 675 241 733 volutus
264 677 293 732 in
316 677 412 735 orbem
434 694 522 735 annus
542 678 700 747 includitur,
725 683 735 709 ⁸
754 678 865 750 triginta
885 693 931 735 sex

128 768 215 823 semis
238 767 346 826 dierum
363 787 479 829 numero
502 772 661 829 decimatur.
684 774 717 827 ln
742 779 847 843 septem
867 786 931 827 vero

130 858 358 935 hebdomadibus,
384 865 408 922 si
422 864 480 923 dies
502 865 632 922 dominici
645 874 673 921 et
690 864 803 922 sabbeta
827 864 933 921 subtra-

132 951 241 1022 hantur,
254 957 373 1030 quinque
394 966 422 1016 et
444 959 554 1031 triginta
577 967 726 1030 supersunt
743 958 800 1015 dies
821 958 933 1030 J'eJuniis

131 1041 267 1116 deputati;
283 1048 331 1104 sed
346 1044 359 1082 1
374 1047 477 1123 adjecta
493 1052 538 1107 illa
552 1050 706 1124 vigiliarum
718 1051 771 1119 die,
786 1066 933 1123 quansque

132 1134 159 1191 in
174 1139 307 1209 gallomm
320 1151 441 1211 cantum,
459 1144 631 1203 illucescente
638 1146 788 1213 dominico,
798 1145 933 1218 jeJ'unium

134 1228 240 1288 sabbati
254 1236 411 1306 protelatur,
426 1253 482 1295 non
496 1239 585 1295 solum
597 1254 644 1296 sex
659 1247 687 1295 et
704 1239 810 1311 triginta
826 1238 934 1295 dierum

133 1338 262 1384 numerus
270 1329 444 1402 adimpletur,
455 1347 551 1388 verum
565 1331 648 1389 etiarn
669 1348 719 1405 pro
732 1331 844 1388 decimis
853 1332 933 1404 quin·

136 1432 188 1489 que
200 1419 304 1477 diemm
321 1424 367 1495 qui
380 1424 482 1481 residui
493 1424 697 1491 ridebantur,si
716 1423 784 1480 illud
798 1423 871 1495 quod
885 1439 934 1480 su-

135 1522 232 1583 perest,
253 1515 391 1586 adjectum
407 1517 496 1573 noctis
508 1517 627 1589 spatium
648 1526 833 1589 computetur,
845 1516 935 1590 pleni-

136 1603 222 1660 tudini
234 1608 317 1663 totius
330 1624 447 1665 summae
460 1610 576 1666 omnino
591 1608 658 1664 nihil
672 1609 769 1666 deerit.

409 1746 531 1802 CAPUT
550 1746 657 1803 xxvi.

985 499 1036 559 tes,
1048 490 1195 546 immolant
1208 491 1266 546 Deo
1283 488 1325 545 sui
1349 488 1404 545 oris
1429 486 1530 545 oflicia.
1554 489 1605 546 Cui
1620 488 1703 545 etiam
1726 490 1784 562 pari

984 579 1111 639 delerant
1124 580 1207 638 modo
1218 580 1304 652 prima
1318 596 1451 638 manuum
1463 566 1576 638 suarum
1588 596 1784 654 gressuumque

985 673 1130 744 libamina,
1144 689 1209 731 cum
1223 690 1238 731 e
1251 674 1386 732 eubilibus
1408 683 1603 747 consurgentes
1616 675 1644 731 in
1658 676 1783 733 oratione

984 769 1148 839 consistunt,
1163 777 1191 825 et
1200 769 1360 842 priusquam
1376 768 1533 843 inpropriis
1548 770 1637 827 causis
1648 770 1787 827 membro·

985 877 1048 918 rum
1060 878 1175 920 suorum
1184 861 1332 936 iungantur
1345 862 1453 933 officio,
1468 862 1534 920 nihil
1550 863 1602 921 sibi
1614 863 1648 920 de
1662 863 1786 921 ministe-

986 954 1027 1011 rio
1039 971 1137 1012 eornm
1159 964 1222 1011 ante
1243 955 1403 1029 decerpunt,
1418 956 1467 1013 sed
1491 956 1527 1013 ad
1549 956 1634 1031 ipsius
1652 958 1789 1014 honorem

987 1056 1148 1119 promovent
1168 1064 1312 1119 gressum,
1331 1057 1413 1121 atque
1428 1051 1457 1105 in
1470 1049 1529 1121 ejus
1548 1049 1705 1107 laudatione
1722 1049 1790 1107 deli-

987 1149 1071 1214 gunt,
1092 1150 1120 1197 et
1139 1142 1176 1198 ita
1190 1150 1351 1198 cunctorum
1373 1152 1499 1199 motuum
1518 1158 1632 1200 suorum
1654 1145 1790 1217 primitias

987 1235 1162 1307 protensione
1173 1250 1316 1303 manuum,
1334 1235 1523 1293 incurvatione
1534 1252 1653 1308 genuum
1667 1245 1695 1293 et
1705 1237 1791 1297 totius

986 1327 1108 1398 eorporis
1127 1328 1308 1399 prostratione
1329 1329 1496 1399 persolvunt.
1520 1326 1590 1385 Illud
1616 1329 1691 1385 enim
1716 1329 1792 1402 qued

986 1418 1149 1476 decantatur
1165 1421 1193 1475 in
1214 1420 1331 1492 psalmo,
1346 1420 1413 1476 alias
1435 1420 1549 1491 implere
1559 1437 1616 1478 non
1629 1438 1790 1494 possumus,

989 1517 1113 1570 Prveaeai
1130 1516 1329 1569 inmaturitate
1346 1518 1371 1568 et
1388 1515 1504 1569 clamavi
1519 1516 1790 1586 (Psal.cxv111);el,

988 1611 1178 1664 maenianae
1191 1609 1264 1663 eruli
1282 1609 1336 1662 mei
1349 1608 1387 1662 ad
1402 1612 1426 1662 te
1447 1608 1578 1672 dilrtculo,
1594 1613 1625 1663 ut
1643 1609 1792 1664 meditarer

989 1703 1094 1771 eloquia
1109 1706 1156 1756 tua
1170 1700 1304 1773 (Ibidem),
1316 1708 1355 1769 et,
1370 1702 1449 1757 Merita
1467 1704 1555 1756 oratio
1570 1717 1628 1756 mea
1644 1700 1792 1773 praemiet

949 1789 974 1850 B
990 1798 1015 1849 te
1035 1796 1121 1861 (Psat.
1141 1794 1289 1865 xxxxvuh
1313 1794 1364 1850 nisi
1380 1804 1410 1850 ut
1430 1803 1492 1867 post
1508 1794 1628 1866 quietern
1641 1794 1733 1851 somni
1755 1792 1786 1849 in

138 1869 269 1936 mtorrroile
292 1876 374 1928 etiam
391 1876 530 1944 primitius
553 1880 658 1930 nostras
674 1878 784 1931 Domitio
798 1876 936 1933 debeamus

478 1946 591 2013 offerre.

172 2069 245 2139 Quid
258 2067 270 2095 ⁰
281 2087 344 2128 vero
362 2071 396 2128 de
416 2073 544 2145 primitiis
558 2073 658 2142 dicam,
678 2090 746 2147 quas
760 2074 795 2131 ab
810 2075 937 2133 omnibus

137 2164 182 2234 qui
200 2163 308 2221 Christo
322 2165 438 2223 fideliter
459 2166 638 2236 famulantur,
648 2167 769 2238 quotidie
781 2177 887 2226 eertum
896 2179 939 2227 est

137 2257 280 2316 exhiberi?
292 2262 363 2315 Nam
382 2276 445 2317 eum
462 2260 671 2334 expergefactio
691 2277 803 2328 somno,
822 2270 849 2319 et
862 2264 939 2334 quasi

141 2351 259 2408 rediviva
286 2362 348 2426 post
370 2370 498 2427 soporem
524 2356 662 2413 alacritate
681 2366 834 2431 surgentes,
856 2358 940 2429 prius

140 2461 222 2520 quam
241 2457 349 2505 motum
374 2464 471 2505 sensus
493 2449 574 2506 ullius
596 2450 678 2507 eorde
701 2451 873 2522 concipiant,
899 2450 940 2507 vel

140 2542 302 2599 memoriam
321 2551 368 2600 aut
385 2558 480 2601 curam
494 2546 533 2601 rei
549 2543 694 2602 familiaris
713 2544 873 2613 admittant,
897 2560 941 2601 co·

137 2633 301 2704 gitationum
325 2652 436 2693 suarum
469 2646 545 2693 ortus
573 2646 654 2709 atque
679 2637 810 2709 principia
842 2636 953 2693 divinis-

139 2736 297 2783 consecrant
305 2727 479 2799 holocaustis,
494 2730 561 2801 quid
580 2730 633 2786 nisi
653 2728 786 2801 primitias
802 2744 864 2785 vere
877 2743 941 2785 suo·

138 2835 201 2875 rum
219 2820 374 2889 fruetuum,
396 2840 445 2895 per
476 2839 618 2879 summum
647 2823 817 2880 sacerdotem
843 2825 939 2878 Jesum

139 2911 289 2980 Christum,
301 2930 352 2985 pro
365 2931 419 2971 usu
430 2917 491 2972 ritae
505 2916 587 2987 hujus
601 2925 629 2972 et
642 2916 760 2989 imagine
773 2913 939 2986 quotidianae

139 3006 345 3062 resurrectionis
371 3008 533 3064 exsolvunt?
562 3009 667 3079 Quique
692 3008 814 3063 etiamn
841 3022 939 3064 somno

139 3101 259 3165 excitati,
280 3098 397 3156 hostiam
408 3099 577 3173 jubilationis
589 3116 647 3158 suae
662 3103 718 3158 [leo
739 3102 863 3158 similiter
875 3100 940 3159 olle·

989 1886 1059 1943 hauc
1074 1887 1174 1956 lucem,
1195 1896 1226 1943 ut
1245 1902 1328 1960 supra
1347 1886 1478 1957 diximus,
1493 1888 1595 1945 relate
1617 1887 1737 1944 tenebris
1760 1894 1788 1943 et

990 1981 1148 2053 imaginaria
1172 1981 1292 2037 lmorte
1312 1981 1447 2051 revocati,
1475 1980 1511 2038 de
1536 1981 1669 2038 universis
1696 1980 1795 2037 olficiis

991 2076 1093 2132 mentis
1108 2080 1135 2130 et
1156 2075 1279 2146 eorporis
1293 2074 1363 2130 nihil
1386 2074 1498 2131 omnino
1519 2075 1545 2130 in
1568 2076 1670 2131 nostris
1688 2090 1795 2147 praesu-

992 2182 1068 2224 mere
1087 2165 1296 2224 necessitatibus
1318 2165 1479 2223 audeamus.
1503 2167 1601 2223 liutius
1621 2173 1796 2237 namqueest

992 2260 1062 2316 alius
1084 2275 1165 2331 quem
1180 2268 1227 2316 aut
1240 2260 1370 2332 propheta
1384 2260 1547 2333 praevenerit
1570 2259 1732 2327 matutinus,
1745 2266 1796 2316 aut

993 2369 1044 2410 nos
1057 2354 1206 2426 praerenire
1224 2354 1350 2410 similiter
1370 2353 1530 2423 debeamus,
1542 2353 1595 2410 nisi
1610 2363 1658 2410 aut
1671 2361 1795 2410 nosmet·

993 2450 1078 2521 ipsos,
1092 2447 1121 2505 td
1134 2456 1185 2517 est,
1201 2448 1393 2519 occupationes
1407 2456 1514 2505 nostras
1532 2455 1560 2503 et
1572 2446 1688 2503 affectus
1699 2460 1796 2504 euros-

993 2559 1046 2615 que
1060 2544 1208 2609 mortales,
1230 2541 1288 2598 sine
1311 2541 1412 2613 quibus
1425 2556 1484 2597 esse
1498 2556 1554 2597 non
1569 2554 1726 2614 possumus,
1749 2547 1797 2596 aut

992 2637 1178 2709 suggestiones
1192 2635 1387 2692 subtilissimas
1402 2634 1518 2705 inimiei,
1533 2650 1600 2707 quas
1615 2634 1693 2692 nohis
1707 2634 1797 2692 adhue

994 2730 1197 2803 quiescentibus
1218 2745 1251 2785 ac
1274 2744 1373 2802 sopore
1396 2728 1542 2797 demersis,
1564 2745 1612 2800 per
1642 2728 1797 2801 phantasias

993 2824 1117 2880 inanium
1144 2823 1319 2881 somniorum
1345 2822 1443 2880 inferre
1466 2830 1593 2893 conatur,
1622 2824 1721 2894 quibus
1745 2837 1797 2881 nos

994 2934 1059 2974 mox
1072 2919 1246 2991 evigilaturos
1257 2925 1372 2990 occupet
1385 2926 1413 2974 et
1425 2917 1556 2984 involvat,
1571 2924 1600 2974 ut
1615 2916 1798 2989 primitiarum

992 3019 1149 3069 nostrarum
1168 3012 1259 3083 opima
1287 3009 1425 3067 dellorans
1454 3011 1559 3082 primus
1581 3011 1639 3083 ipse
1658 3010 1797 3082 decerpat.

994 3104 1182 3174 Quamobrem
1204 3104 1280 3161 omni
1300 3103 1380 3162 nobis
1395 3104 1520 3161 cautione
1537 3103 1688 3161 curandum
1709 3111 1752 3159 est
1764 3101 1798 3175 (si

140 3199 242 3262 rentes,
265 3193 353 3265 primo
381 3194 479 3267 liuguae
500 3211 557 3253 sure
584 3203 660 3252 motu
687 3197 776 3267 ipsum
801 3197 938 3262 invocant,
956 3184 1086 3252 Ctomen
1100 3198 1157 3253 vim
1172 3196 1296 3269 praedicti
1317 3197 1440 3254 versiculi
1464 3212 1545 3268 opere
1559 3197 1688 3254 volumus
1705 3196 1795 3253 adim·

140 3286 225 3357 ipsius
245 3302 347 3344 nomen
360 3286 507 3360 laudesque
528 3289 739 3358 concelebrant;
759 3298 839 3361 atque
853 3288 887 3345 ad
901 3304 942 3347 ca·

996 3288 1093 3359 plere),
1106 3297 1138 3344 ut
1147 3290 1183 3344 ita
1193 3290 1297 3358 primos
1307 3291 1707 3361 matutinarumeogitntionum
1720 3299 1797 3347 ortus

689 3471 817 3526 attam
835 3470 948 3526 GAZAEl
967 3467 1248 3524 COMMENTARIUS.

141 3636 203 3694 cap.
216 3628 259 3689 36,
271 3621 343 3676 burro
359 3621 477 3677 Cassiani
488 3622 582 3678 locum
599 3621 720 3677 imitatus
732 3641 738 3676 :
753 3625 832 3691 Lepe,
844 3620 941 3693 inquit,

142 3694 258 3748 Mosar'ea
270 3696 391 3748 territerso
397 3695 496 3763 populo
506 3695 669 3761 gerrerarliter·
679 3698 718 3747 eat
724 3698 887 3763 praereptum
896 3693 942 3747 de·

139 3766 223 3818 cimas
237 3767 411 3834 etprimitias
419 3766 531 3819 Domino
540 3767 593 3819 Deb
608 3764 713 3834 offerre.
722 3768 816 3834 ltaque
828 3766 893 3818 dnm
910 3765 940 3817 in

142 3835 941 3905 hacsententiaprincr'piueolantatamcortsammatr'onesqrte

140 3919 248 3972 operum
256 3909 408 3957 nostrorum
421 3904 563 3969 reserreael
571 3907 618 3956 Dei
626 3906 743 3971 qratiam
754 3907 939 3967 admonemur,

142 3976 171 4027 in
179 3976 370 4042 supputatione
378 3976 466 4027 tamen
479 3973 701 4041 Qarrdrapesimoe
714 3988 820 4027 srtrrrma
833 3977 886 4028 ista
901 3974 942 4028 de·

140 4046 271 4097 ciaramm
289 4044 414 4111 legalium
427 4044 559 4112 capietur.
575 4046 669 4098 Totum
680 4046 748 4097 enim
759 4046 826 4097 virini
837 4048 942 4114 ternpus

140 4130 250 4169 nutriero
261 4120 294 4168 36
308 4114 577 4168 aierumaecimalur.
591 4115 743 4169 Sabtractis
756 4116 827 4169 enim
838 4130 855 4169 a
868 4116 940 4181 [lue-

141 4185 296 4253 drapesima
306 4185 398 4239 dicbus
410 4185 561 4247 donrinieis,
580 4185 677 4254 quibus
686 4185 794 4254 je'rmia
804 4186 939 4239 resolvem-

141 4260 197 4323 tttr,
208 4257 254 4310 his
267 4256 369 4318 diebus,
382 4258 462 4324 quasi
469 4271 520 4326 pro
530 4258 611 4311 lolius
620 4258 688 4310 areni
701 4202 809 4310 jaciatis
821 4256 858 4310 aei
867 4255 940 4311 eccle

141 4330 212 4382 siam
224 4329 417 4389 reamarimns,
433 4332 594 4397 vicinumque
603 4332 752 4382 nostrornm
760 4329 940 4397 operationem

141 4400 193 4453 Deo
202 4401 231 4452 in
241 4399 357 4452 leontiam
364 4398 534 4467 jubilationis
544 4399 690 4469 offerimus.

171 4478 184 4503 ⁸
198 4472 293 4532 Samis,
309 4469 397 4537 idest,
411 4484 474 4524 cum
488 4468 603 4525 dimidio
619 4487 625 4525 ι
640 4484 696 4525 non
713 4471 793 4532 sena,
814 4475 844 4522 ut
857 4483 938 4524 men-

140 4538 206 4621 dose
221 4540 291 4620 apud
305 4539 475 4666 Diong‘sium.
489 4542 560 4595 Nam
578 4538 684 4596 decima
699 4556 761 4612 pars
774 4539 882 4595 dierum
897 4547 940 4595 to·

141 4618 194 4666 trus
209 4627 271 4666 trnm
286 4625 368 4666 secun
389 4625 436 4665 um
451 4611 615 4666 exactiorem
633 4610 853 4683 supputationem
875 4625 940 4666 om-

141 4680 207 4736 nino
227 4697 265 4736 rer
276 4680 339 4736 uirit
354 4688 381 4736 et
396 4679 585 4751 complectitur
603 4680 662 4736 dies
684 4683 794 4753 triginta
806 4698 853 4737 sex
874 4698 939 4738 earn

141 4751 253 4805 dimidio
263 4697 395 4821 interanei.
412 4753 431 4806 l.
447 4751 622 4807 rillrrtioaal.
636 4768 696 4821 cap.
709 4759 756 4815 283
770 4752 894 4808 Gratiam.
908 4752 941 4807 ete

142 4820 281 4876 Consecra.
298 4823 362 4876 dist.
380 4828 465 4892 trrap.
481 4824 610 4891 Sabtnvti5
626 4824 758 4877 ntentans
771 4822 789 4876 1.
802 4823 834 4877 rte
847 4824 938 4878 Dinia.

142 4892 234 4959 Other
249 4892 376 4946 Arrralar.
391 4909 414 4947 c.
431 4896 482 4957 26;
499 4894 603 4949 Ratun.
620 4893 638 4947 l.
651 4909 675 4949 rr
691 4894 724 4948 eie
737 4895 826 4949 Instit.
843 4894 937 4950 Cierio.
994 4888 1165 4961 dragesrmali
1181 4890 1295 4961 persolvi
1308 4889 1439 4959 diximus,
1460 4890 1540 4947 docet
1558 4891 1628 4948 hica

141 4977 199 5032 cap.
219 4966 270 5027 383
286 4962 409 5018 ilrrranrl.
421 4979 504 5032 supra
516 4981 537 5019 c.
550 4970 604 5030 78).
619 4963 647 5019 Si
663 4965 733 5018 euim
747 4964 939 5021 tantummodo
955 4937 980 4999 D
995 4958 1127 5030 primitias
1151 4961 1285 5087 puasdam
1302 4977 1400 5034 easque
1418 4961 1580 5035 multiplices
1601 4962 1721 5036 quotidie
1733 4966 1794 5021 Deo

140 5033 251 5103 triginta
264 5048 310 5088 sex
322 5031 412 5089 decies
423 5033 451 5088 in
464 5048 493 5088 se
506 5035 733 5105 multiplicentur,
747 5042 779 5091 ut
792 5035 940 5106 Gregorius

141 5112 167 5160 et
182 5104 304 5161 Isidorus
323 5104 413 5160 rniuus
434 5113 525 5160 exacte
542 5114 698 5177 supputant,
725 5122 780 5162 non
805 5106 939 5163 resultant

72 5192 78 5215 ⁴
140 5175 191 5231 nisi
205 5175 317 5231 trecenti
328 5175 464 5249 sexaginta
478 5174 534 5232 dies
549 5177 636 5231 :unde
646 5185 807 5247 surpersunt
817 5177 939 5251 quinque

996 3620 1062 3677 satis
1077 3619 1104 3675 id
1115 3618 1215 3675 indicat
1229 3618 1342 3675 collecta
1354 3628 1382 3675 et
1398 3619 1522 3702 praelatio
1534 3619 1666 3693 ejusdem,
1687 3621 1734 3677 ubi
1745 3636 1794 3679 ne·

997 3692 1057 3758 ctis,
1071 3706 1126 3746 non
1142 3690 1196 3746 diei
1207 3689 1238 3746 fit
1247 3691 1361 3746 mentio.
1376 3692 1446 3747 lhne
1455 3693 1490 3747 D.
1504 3692 1688 3764 Hieronymus
1698 3693 1725 3747 in
1736 3708 1794 3766 cap.

997 3766 1030 3816 25
1051 3761 1174 3818 Matthaei
1190 3761 1270 3817 docet
1284 3761 1462 3817 traditionem
1478 3777 1536 3819 esse
1561 3763 1749 3832 apostolicam,
1764 3769 1797 3821 ut

995 3835 1023 3886 in
1036 3833 1079 3888 elic
1088 3834 1245 3903 uigiliarum
1255 3834 1363 3888 Pascha
1373 3834 1521 3888 antenoctis
1530 3834 1674 3887 dimidiam
1683 3833 1795 3904 papales

995 3904 1132 3959 dimittere
1144 3920 1197 3959 non
1210 3906 1300 3972 liceat,
1320 3908 1504 3974 exspectantes
1519 3904 1664 3959 artemitam
1674 3904 1794 3971 cliente

995 3978 1020 4027 et
1027 3978 1170 4042 postquam
1179 3975 1248 4029 illari
1254 3981 1358 4045 ternpus·
1364 3978 1513 4038 transierit,
1519 3978 1796 4045 secamtrtteprmsnm·

992 4048 1043 4111 pta
1057 4044 1157 4108 festina
1171 4048 1276 4098 enectos
1295 4060 1374 4112 agere
1396 4047 1475 4099 diem.
1499 4046 1571 4116 Quin
1585 4054 1613 4100 et
1633 4046 1795 4118 vigilantius

995 4112 1187 4179 haeresiarcha,
1202 4121 1269 4167 teste
1284 4114 1381 4168 eodem
1393 4114 1563 4184 Hieronymo
1578 4114 1644 4181 (Lib.
1665 4116 1793 4173 redvers.

998 4184 1181 4251 Vigilantiam
1199 4199 1257 4252 cap.
1269 4184 1308 4254 t),
1323 4184 1362 4239 sic
1383 4184 1485 4256 vigilias
1498 4193 1647 4241 nocturnas
1665 4185 1795 4243 ecelesia·

995 4252 1078 4309 stieas
1088 4254 1130 4309 sui
1144 4252 1266 4309 nominis
1277 4253 1364 4309 hostis
1373 4254 1595 4327 impugnabat,et
1609 4255 1731 4312 minuere
1745 4272 1795 4313 co-

994 4323 1120 4389 nabatur,
1140 4334 1170 4380 ut
1183 4333 1275 4380 tamen
1283 4326 1369 4381 semel
1382 4327 1411 4381 ln
1425 4341 1507 4394 anno,
1521 4327 1549 4382 iu
1564 4328 1680 4399 paschali
1693 4327 1795 4384 solem·

994 4395 1080 4450 nitate
1099 4395 1201 4465 vigilias
1215 4396 1381 4467 peragendas
1392 4412 1451 4453 esse
1464 4396 1587 4469 jactaret.
1603 4401 1700 4455 Exstat
1711 4398 1795 4455 etiam

995 4481 1088 4521 sermo
1102 4468 1138 4522 D.
1151 4467 1299 4537 Augustini
1311 4466 1345 4523 de
1360 4467 1462 4541 Vigiliis
1475 4470 1587 4526 Pascha·
1603 4469 1636 4525 ab
1655 4469 1794 4527 amalario

996 4537 1131 4607 (simliter.
1143 4539 1189 4593 lib.
1205 4553 1217 4594 1
1233 4554 1291 4609 cap.
1307 4542 1351 4607 le)
1365 4539 1463 4595 citatus
1476 4539 1504 4594 in
1519 4540 1571 4597 hoe
1585 4549 1757 4611 argumento.

1029 4609 1087 4664 ‘Ut
1108 4608 1145 4664 illi
1161 4618 1296 4680 praeeepto
1320 4611 1443 4682 superius
1456 4612 1537 4679 (Cap.
1558 4617 1573 4665 s
1592 4611 1672 4680 bivira
1691 4609 1792 4683 collat.)

994 4678 1108 4750 allegato
1121 4678 1155 4735 de
1168 4678 1284 4736 decimis
1296 4687 1323 4735 et
1337 4680 1464 4751 primitiis
1478 4682 1537 4735 Deo
1552 4678 1712 4747 offerendis,
1728 4694 1795 4751 qua-

994 4756 1073 4804 tenus
1086 4751 1209 4805 naturale
1220 4759 1275 4814 est,
1292 4758 1319 4805 et
1337 4750 1371 4805 ad
1384 4765 1477 4805 mores
1490 4758 1632 4822 spectans,
1647 4749 1795 4807 satisfacia-

995 4834 1071 4886 mus;
1094 4829 1193 4902 praeter
1208 4820 1328 4876 decimas
1341 4822 1423 4876 totius
1439 4820 1513 4887 anni,
1527 4836 1594 4892 quas
1603 4820 1707 4948 J'efflnio
1722 4837 1793 4947 qua-

1667 4908 1698 4949 as
1711 4908 1726 4948 e
1738 4908 1794 4949 ram

993 5030 1107 5114 anobis
1122 5030 1153 5087 oi
1163 5033 1287 5103 eremlas,
1308 5032 1390 5116 idque
1410 5034 1504 5117 primis
1520 5033 1596 5117 horis
1607 5035 1674 5103 diei,
1689 5034 1717 5091 id
1735 5026 1793 5103 est,

994 5110 1131 5158 matutino
1142 5110 1279 5174 tempore.
1294 5111 1324 5159 ut
1339 5113 1463 5175 primitiae
1474 5120 1535 5162 vere
1551 5105 1684 5163 dieantur.

1029 5161 1042 5205 ⁶
1056 5172 1151 5244 idest,
1166 5175 1262 5231 mortis
1275 5175 1412 5248 imagine:

141 5244 209 5326 dies,
230 5248 275 5317 qui
294 5246 390 5304 decem
404 5245 549 5302 dimidiatis
569 5247 809 5319 aquicincjvtdo
822 5247 939 5319 glossam
1004 5268 1009 5279 ·

143 5317 793 5461 ¹n{³¹ffiegslt?guaeigiiigffillllauslelhfflssiligrzabbato
815 5398 909 5448 saneto
929 5410 936 5449 ι

141 5472 197 5529 quo
211 5456 322 5513 dienen
336 5457 426 5515 solum
435 5461 564 5528 Romani,
579 5459 629 5517 sed
647 5468 676 5517 et
690 5462 781 5519 Graeei
796 5471 823 5519 et
837 5463 940 5518 Orien-

141 5529 209 5585 tales
223 5536 321 5602 praeter
336 5542 439 5585 morem
452 5532 628 5588 sabbatomm
639 5532 777 5605 jejunare,
796 5541 824 5588 ct
838 5532 940 5614 vigilias

142 5598 171 5654 in
186 5600 297 5657 eeclesia
317 5598 449 5670 usquead
462 5602 580 5659 mediam
598 5612 708 5659 noctem
728 5601 781 5660 diei
795 5603 939 5661 dominicae

141 5669 279 5727 celebrare
292 5670 427 5727 solebant.
438 5670 519 5728 Unde
539 5675 623 5730 blissa
638 5675 697 5747 ejus
707 5674 811 5731 sabbati
827 5689 882 5730 non
898 5683 940 5731 est

143 5740 228 5797 Missa
240 5742 313 5808 diei,
336 5740 384 5799 sed
399 5742 499 5811 noctis,
516 5749 547 5799 ut
560 5753 657 5801 notant
674 5743 731 5802 iere
750 5753 886 5817 quotquot
905 5745 939 5803 de

1055 5317 1146 5382 Ecquid
1162 5317 1226 5369 enim
1235 5320 1273 5370 est
1284 5331 1396 5380 somnus,
1409 5316 1495 5383 gelida
1504 5317 1553 5369 niel
1563 5318 1650 5368 mortis
1665 5316 1762 5383 imago?

992 5463 1123 5532 aitpoeta
1149 5466 1293 5531 (inecaret).
1309 5464 1381 5520 Hinc
1395 5463 1437 5530 fit,
1452 5470 1483 5520 ut
1503 5471 1531 5519 et
1549 5478 1663 5520 somnus
1682 5463 1709 5519 iu
1723 5463 1794 5521 Seri·

991 5533 1077 5605 ptnris
1088 5550 1160 5605 saepe
1180 5550 1229 5606 pro
1242 5544 1332 5591 morte
1351 5535 1516 5607 accipiatur3
1531 5543 1558 5590 et
1568 5534 1689 5592 dormire
1701 5535 1794 5592 dican·

993 5612 1038 5662 tur
1054 5604 1156 5660 mortui
1180 5608 1324 5662 :Lazarus
1343 5608 1443 5663 amicus
1454 5610 1544 5662 noster
1557 5606 1673 5674 dormit3
1687 5606 1795 5663 dixerat

992 5685 1085 5732 autem
1098 5675 1132 5731 de
1142 5686 1231 5733 morte
1244 5677 1302 5750 eius
1313 5679 1434 5735 deamat
1449 5699 1455 5733 ε
1469 5679 1599 5737 Nolumus
1612 5694 1656 5734 aas
1668 5680 1793 5747 ipnorare

992 5748 1025 5803 de
1038 5748 1241 5812 dormientibus,
1256 5754 1287 5805 ut
1300 5766 1354 5805 eron
1366 5752 1568 5819 opinabamini,
1586 5752 1654 5807 aaut
1666 5753 1691 5803 ct
1703 5746 1795 5803 centeri

161 5810 242 5868 illeiis
260 5821 288 5869 et
309 5812 479 5871 ceremoniis
492 5814 678 5873 ecelesiasticis
699 5817 891 5891 seripserunt:
912 5824 941 5875 et
991 5820 1041 5889 qui
1054 5835 1128 5891 spem
1139 5836 1195 5877 exoa
1213 5820 1347 5884 tabeattl
1359 5821 1483 5880 Thessal.
1500 5824 1552 5892 rr).
