3848 6158
158 267 210 322 rio
824 257 963 314 ioannis
982 227 1150 315 nissimi
1755 257 1809 312 iao

156 397 213 447 net.
232 389 322 458 Quam
344 386 424 443 nobis
447 400 479 440 ex
504 383 579 441 omni
595 389 669 455 parte
687 381 760 437 velut
776 381 954 453 multiplicem
969 386 995 450 Α
1009 382 1132 450 reddere,
1159 391 1169 417 ⁰
1191 397 1223 437 ac
1251 379 1332 437 veluti
1361 379 1428 436 solis
1462 377 1624 434 facientibus
1646 377 1707 434 laus
1733 377 1810 449 apud

157 484 306 557 nequitiam
319 487 507 539 occurrentem
522 479 569 534 tali
592 475 712 533 remedio
733 475 882 547 poterimus
896 491 954 532 eia·
1007 475 1135 531 homines
1157 475 1192 530 sit
1214 473 1408 546 conquirenda,
1436 472 1564 528 vitemus.
1593 472 1642 527 His
1661 470 1737 526 enim
1766 472 1809 528 vel

158 577 233 641 clere,
255 584 286 632 ut
299 575 450 647 cogitantes
464 570 531 626 illud
546 568 708 625 Dauidicum
727 568 868 640 eloquium
881 587 887 623 :
901 573 955 625 Do-
1009 569 1130 624 maxime
1145 568 1252 624 indiciis
1267 567 1426 624 cenodoxiae
1443 566 1542 622 lethale
1559 565 1715 638 contagium
1727 565 1811 622 nobis
1848 564 1851 569 ’

157 675 245 728 miuus
258 671 406 740 dissiparit
419 682 479 723 ossa
494 681 592 727 eorum,
612 666 661 733 qui
678 664 828 719 bominibus
848 664 956 734 placeat
1009 663 1142 720 inhaerere
1166 664 1375 731 monstrabitur,
1398 662 1471 735 quod
1503 660 1630 717 facillime
1656 661 1810 740 poterimus

157 766 245 837 (Psoi.
268 767 359 830 xxv).
379 761 509 818 Primitns
536 757 603 814 nibil
630 757 768 829 proposito
791 756 916 813 vanitatis
927 764 956 812 et
1010 755 1141 830 elingere,
1155 756 1177 813 si
1191 756 1460 813 considerenrusnon
1474 755 1563 811 solam
1589 753 1711 811 fructum
1733 754 1811 810 labo·

157 858 243 914 inanis
262 855 357 929 gloriae
374 852 546 926 capessendae
571 851 656 924 gratia
670 850 852 922 nosmetipsos
866 849 955 906 iacere
1007 866 1069 906 rum
1082 858 1239 905 nostrorum
1254 865 1305 906 nos
1317 849 1424 920 ponitus
1442 850 1602 914 amissuros,
1619 863 1811 921 quoscumque

156 950 356 1024 permittemus.
374 947 480 1004 Deinde
494 961 525 1002 ea
537 960 598 1017 quae
616 944 688 1001 bono
703 944 780 1001 initio
796 943 953 1010 fecerimus,
1008 941 1166 999 cenodoxiae
1186 942 1325 1014 proposito
1349 941 1506 1009 lecerimns,
1527 929 1541 974 ἃ
1566 940 1615 997 sed
1638 941 1720 997 etiam
1745 956 1812 998 reos

156 1043 345 1101 observatione
366 1040 447 1099 simili
469 1039 606 1107 custodire
621 1039 741 1094 nitamur
761 1041 772 1065 ¹
799 1053 834 1094 ne
859 1052 954 1093 omnes
1009 1035 1098 1106 magni
1111 1035 1232 1090 criminis
1254 1033 1342 1090 lactes
1354 1041 1457 1089 aeterna
1476 1032 1616 1105 supplicia,
1635 1034 1709 1089 velut
1723 1033 1811 1090 sacri·

156 1137 283 1195 laborum
296 1145 455 1193 nostrorum
470 1133 576 1191 tructus
591 1140 653 1204 post
666 1133 787 1204 irrepens
796 1131 954 1188 cenodoxiae
1008 1127 1082 1199 legos
1107 1129 1260 1195 soliitnros3
1280 1136 1375 1199 utpote
1392 1128 1438 1198 qui
1458 1127 1493 1184 ad
1512 1127 1638 1199 iniuriam
1658 1128 1709 1184 Dei
1726 1144 1809 1199 opus,

156 1234 269 1290 morbus
280 1237 402 1288 evacuet.
419 1222 433 1260 ¹’
448 1226 586 1299 Quidquid
601 1226 683 1284 etiam
702 1227 730 1281 in
750 1225 954 1282 conversatione
1007 1220 1079 1292 quod
1100 1221 1159 1293 ejus
1189 1220 1305 1276 obtentu
1325 1236 1376 1276 nos
1400 1221 1521 1292 oportuit
1546 1236 1636 1292 agere,
1661 1220 1810 1278 bominum

156 1326 271 1383 fratrum
291 1323 404 1380 minime
428 1320 586 1378 communis
608 1335 673 1376 usus
696 1320 802 1392 recipit,
815 1319 854 1375 vel
879 1335 953 1375 exer·
1007 1315 1093 1386 gratio
1115 1314 1260 1370 maluimus
1284 1329 1422 1380 exercere,
1446 1314 1480 1370 ab
1500 1329 1532 1369 eo
1559 1315 1604 1385 qui
1635 1315 1810 1372 occultomm

155 1428 206 1487 cet,
226 1418 300 1475 omni
326 1416 437 1482 studio,
467 1423 497 1471 nt
519 1414 657 1489 jactantie
682 1412 803 1468 deditum
838 1412 954 1468 decline·
1006 1418 1047 1468 est
1061 1412 1199 1479 conscius,
1209 1410 1337 1468 homines
1352 1414 1423 1478 Deo,
1436 1420 1463 1467 et
1476 1411 1593 1483 gloriam
1608 1412 1810 1485 mundigloriae

157 1528 228 1591 mus,
244 1521 270 1569 et
282 1527 312 1568 ea
325 1526 386 1584 quau
402 1525 454 1566 nos
473 1515 587 1581 possunt
600 1508 671 1563 inter
688 1515 803 1563 caeteros
820 1506 953 1563 notabiles
1006 1507 1119 1563 Domini
1138 1505 1289 1579 praetulisse
1306 1507 1434 1563 convicti.

706 1632 832 1687 stanni
851 1633 962 1689 GdZAEl
981 1633 1258 1690 COMMENTARIUS.

189 1745 283 1800 ailinc
292 1744 360 1798 etD.
369 1739 520 1813 Gregorius
532 1741 623 1805 (llam.
637 1743 670 1793 tt
682 1739 842 1811 iiiEiiauq.)
854 1737 953 1794 admo·
1006 1743 1056 1801 ris,
1071 1742 1121 1810 qui
1130 1755 1221 1796 eorum
1237 1755 1287 1810 pei·
1301 1741 1473 1796 siimessiones
1495 1743 1622 1796 instituta
1634 1757 1706 1796 iiuuc
1721 1757 1809 1813 usque

155 1821 243 1872 netut
267 1819 292 1869 et
313 1815 390 1874 bona,
418 1828 478 1881 quie
499 1813 612 1880 aqimus,
638 1825 697 1862 cum
725 1825 826 1878 maaria
849 1811 951 1864 cantela
1006 1812 1169 1879 custodiunt,
1192 1812 1297 1866 tradita
1318 1813 1437 1867 iiidcmiis
1464 1814 1598 1882 cample,
1620 1817 1651 1866 ut
1669 1816 1808 1883 superflua

155 1891 311 1950 timcamns;
323 1901 356 1938 ne
368 1899 416 1954 per
425 1885 471 1937 boc
484 1883 584 1952 quoda
598 1881 674 1936 nobis
683 1887 751 1936 recte
761 1883 864 1950 peritur
872 1883 952 1948 fiiuor
1005 1883 1114 1936 inutilia
1126 1896 1173 1936 nos
1183 1898 1288 1951 quoquc
1297 1899 1414 1937 resecare
1425 1887 1553 1938 conuenit.
1566 1886 1635 1938 ltem
1649 1882 1697 1938 lib.
1710 1886 1808 1954 quinto

153 1963 203 2013 orit
217 1960 308 2027 qratia
334 1957 451 2010 bumana
473 1955 646 2024 requiratur;
658 1968 691 2006 ue
707 1955 842 2022 appetitus
861 1953 950 2007 lamiis
968 1960 992 2022 B
1007 1968 1054 2024 cap
1063 1957 1095 2006 23
1108 1973 1114 2008 2
1129 1954 1229 2020 Quibus
1239 1956 1308 2011 enim
1318 1959 1397 2008 enini
1407 1955 1620 2009 damnaticiorum
1627 1958 1809 2024 praesumitur

155 2031 291 2099 stibrqiat,
310 2033 335 2082 ct
356 2026 427 2095 quod
447 2026 515 2092 foris
538 2023 695 2085 ostenditur,
715 2025 789 2076 intus
802 2039 819 2076 o
833 2023 950 2077 mercede
1006 2027 1808 2095 usuntqrieeonimunem,utriinmqtoriieatqueosteritationi's

151 2105 288 2154 vacuetur.
303 2096 355 2152 Sed
375 2104 402 2151 et
416 2099 450 2150 D.
476 2093 639 2149 Benedictus
664 2092 707 2164 ple
733 2093 827 2148 itidem
857 2103 951 2149 monet
1004 2095 1093 2149 morbo
1106 2095 1249 2164 pollutum,
1264 2098 1452 2165 antiquissima
1465 2099 1577 2151 Patruini
1591 2096 1700 2151 traditio
1717 2103 1805 2154 ructat.

155 2172 236 2241 (Gap.
254 2175 289 2224 ts
305 2168 436 2235 namna),
453 2169 484 2219 ut
506 2166 578 2234 quod
592 2165 775 2233 unusquisque
794 2165 831 2219 ad
845 2166 952 2219 saluum
1006 2165 1141 2221 Porrobis
1153 2173 1180 2220 et
1192 2165 1328 2221 similibus
1339 2167 1479 2221 sententiis
1490 2167 1684 2238 singularitatis
1695 2168 1806 2236 vitium,

150 2256 261 2310 perierim
285 2255 340 2292 sura
358 2238 493 2292 seruitutis
512 2236 706 2305 super-eropum,
731 2239 756 2288 et
776 2237 828 2289 Deo
850 2238 953 2304 affaire
1005 2236 1178 2308 inreligiosis
1193 2237 1356 2306 praesertim,
1371 2238 1526 2305 damnatur,
1541 2237 1616 2310 qnod
1632 2247 1659 2294 et
1678 2240 1715 2294 D.
1733 2241 1807 2295 Ber-

153 2311 265 2365 oaiurri't
277 2313 306 2362 in
320 2308 542 2376 Quadrupesima,
556 2305 846 2374 abbatisuosuqqarat,
858 2312 951 2360 etciirn
1004 2306 1092 2362 nadus
1109 2307 1180 2362 inter
1195 2306 1294 2379 gradus
1307 2308 1440 2380 superbiae
1462 2317 1584 2364 recenset
1600 2326 1607 2363 ε
1623 2309 1803 2380 quemadmo-

153 2381 210 2450 cjus
220 2384 270 2449 ilat
284 2382 403 2433 oratione
415 2383 441 2432 et
451 2378 604 2442 eoliintate3
617 2377 690 2445 quia,
702 2378 801 2446 inquit,
814 2377 885 2446 qiiod
896 2379 952 2432 sinc
1006 2377 1097 2433 dume
1110 2377 1217 2433 diverso
1228 2379 1262 2431 D.
1275 2379 1436 2435 Benedictus
1449 2379 1519 2434 inter
1526 2379 1626 2451 gradus
1637 2380 1805 2436 humilitatis

151 2454 324 2522 permissione
336 2451 425 2520 patris
437 2448 588 2518 spiritmlis
599 2449 640 2516 iit,
650 2449 857 2516 presumptioni
868 2449 951 2517 depri-
1006 2447 1081 2520 ponit
1089 2454 1097 2518 l
1106 2450 1172 2518 Cap.
1185 2455 1201 2503 7
1212 2451 1291 2516 lica.)
1303 2469 1311 2503 :
1322 2451 1353 2506 Si
1363 2451 1431 2504 nibil
1443 2452 1657 2519 apatmouacbus
1667 2452 1806 2521 nisiqtiod

154 2524 267 2585 tollitur,
280 2526 305 2576 ct
322 2536 399 2575 tianae
408 2521 510 2588 qloiicc,
524 2535 576 2574 nou
588 2518 711 2572 mercedi.
1004 2521 1147 2574 communis
1161 2522 1317 2575 monasterii
1331 2523 1434 2591 Regula
1449 2525 1491 2578 oei
1502 2523 1610 2592 iriqioris
1631 2522 1805 2578 ooliortantur

188 2587 255 2649 ¹’lta
267 2592 348 2648 etlam
367 2591 510 2660 lib.1cap.
532 2596 548 2644 3
565 2589 724 2658 :Quidquid
745 2590 813 2643 inter
833 2590 949 2656 famulos
1005 2591 1136 2660 eaenipla.

137 2667 203 2721 nei
217 2665 392 2735 presumitur
406 2662 440 2715 ab
455 2676 508 2715 una
527 2662 569 2714 eet
579 2675 688 2729 potuis,
702 2674 748 2714 uec
761 2660 886 2714 eatbaiiec
896 2675 948 2729 per
1039 2669 1050 2695 ⁰
1068 2661 1213 2733 Dionysius
1230 2665 1280 2716 :Et
1288 2676 1321 2716 esc
1332 2665 1429 2732 quibus
1443 2664 1501 2719 laus
1510 2665 1628 2719 bumana
1639 2665 1805 2735 aequiritur,

152 2751 228 2790 omne
241 2750 334 2805 enipius
344 2733 530 2802 fraternitatis
538 2735 651 2792 tenetur,
662 2736 710 2784 aut
719 2733 892 2800 superfluum,
901 2735 951 2785 ant
1004 2734 1084 2802 quasi
1096 2734 1147 2786 soli
1161 2734 1228 2787 talia
1241 2733 1395 2789 babeamus.
1412 2735 1481 2791 Solis
1494 2735 1586 2808 igitur,
1601 2736 1696 2818 supple
1710 2735 1805 2792 nobis.

152 2809 250 2861 elutum
260 2811 308 2869 est,
319 2810 345 2861 et
356 2806 389 2859 ob
401 2804 432 2859 id
444 2805 556 2857 riocbim
563 2803 797 2872 judicandumest,
809 2804 949 2870 magisque
1038 2790 1052 2833 ‘¹
1068 2803 1128 2871 Qua
1153 2803 1256 2858 rationo
1270 2806 1419 2861 cenodoxia
1439 2807 1531 2879 magni
1554 2807 1690 2874 criminis,
1708 2805 1804 2876 idest,

150 2881 260 2947 specum
272 2878 401 2931 eamtatis
421 2890 502 2944 quam
516 2875 626 2927 uirtutis
641 2877 786 2927 ostentans.
799 2876 835 2927 at
848 2873 947 2925 idcirco
1004 2874 1126 2928 mortalis
1148 2875 1233 2945 culpan
1250 2889 1310 2931 reos
1323 2875 1434 2946 efficiat,
1449 2878 1572 2950 superius
1585 2885 1627 2934 est
1637 2877 1805 2949 explicatum

62 2972 65 2978 ·
151 2949 215 3011 bac,
223 2964 283 3017 quie
291 2946 499 3002 iterareteri'bus
507 2946 616 3005 sanctis,
624 2945 672 3011 qui
684 2943 763 3010 bujus
769 2944 947 3012 professionis
1003 2945 1079 3015 (dap.
1098 2944 1153 3014 lt).

149 3020 328 3084 fundamenta
340 3017 472 3086 iecerunt,
482 3030 594 3084 ncqiiea
609 3014 734 3068 Patribus
746 3015 831 3066 riustri
845 3017 945 3082 tempo·

561 3245 843 3352 LIBER
878 3220 1390 3356 noannanms.

785 3414 827 3470 ltu
845 3413 1163 3470 sninlnusununnla.

860 3547 1092 3563 ’w

826 3646 946 3704 CAPUT
968 3650 1127 3705 PRIMUM.

184 3749 357 3816 'Octavum
372 3745 446 3820 quod
460 3755 666 3817 etextrcmum,
684 3748 949 3824 adicrsnsspiritum
1002 3755 1136 3826 superbiae
1162 3754 1241 3813 nobis
1261 3764 1397 3813 certamen
1423 3765 1472 3812 cst.
1502 3755 1554 3826 Qui
1587 3753 1700 3813 morbus
1732 3753 1806 3811 licet

694 3877 820 3933 stanni
839 3879 950 3935 GAZAEl
970 3879 1247 3938 connexuimus.

183 3976 203 4016 ¹¹‘
215 3982 337 4040 Tandem
363 3981 398 4038 ad
419 3989 573 4038 extremum
594 3991 734 4040 certamen
754 3995 865 4042 rentum
891 3996 942 4057 est,
964 3993 1254 4061 csuiteamreqiuam
1265 3991 1385 4046 omnium
1403 3992 1567 4045 citiommet
1580 3993 1701 4046 matrem
1721 3989 1800 4046 Unde

147 4063 242 4110 eontra
259 4054 392 4125 superbiae
404 4054 529 4125 spiritum
542 4055 676 4126 spirituali
695 4058 826 4128 agonistae
840 4067 946 4115 certan-
999 4062 1099 4116 diuitiis
1110 4064 1157 4118 lib.
1169 4077 1247 4118 xxxx
1256 4063 1351 4119 iterat.
1362 4078 1421 4133 cap.
1431 4068 1460 4118 tl
1477 4064 1692 4132 :lpsaoitiorum
1701 4064 1801 4130 rapina

146 4125 222 4183 dum.
238 4126 396 4198 superbiam
420 4125 493 4180 enim
512 4126 541 4180 in
564 4142 711 4183 numerum
727 4137 754 4183 et
767 4129 891 4185 ordinem
908 4132 945 4185 vi·
999 4135 1133 4203 superbia,
1150 4150 1208 4188 cum
1228 4135 1357 4188 dmictum
1366 4135 1444 4203 piem
1456 4148 1499 4188 cor
1516 4136 1623 4202 ceperit,
1639 4149 1703 4187 mou
1726 4133 1801 4188 illud

145 4197 248 4254 tiorum
273 4197 431 4268 capitalium
455 4196 547 4253 retulit
566 4200 681 4263 Auctor,
709 4214 823 4272 eamque
849 4211 949 4258 octavo·
998 4209 1097 4272 septem
1106 4205 1304 4274 principalibus
1313 4207 1388 4258 uitiis
1401 4205 1649 4273 quasiquibusdam
1660 4204 1801 4259 suisducr'-

148 4266 219 4333 loco,
232 4270 310 4337 quasi
325 4274 468 4336 postrema·
479 4269 545 4334 acie,
564 4277 595 4323 nt
611 4270 770 4341 primarium
784 4282 813 4328 et
823 4273 943 4328 ninxime
1000 4275 1048 4327 bus
1059 4276 1254 4329 deaastandum
1268 4275 1363 4335 tradit,
1377 4292 1411 4329 en
1426 4276 1522 4345 qaiibus
1536 4277 1661 4330 uitiorum
1675 4276 1801 4330 multitu·

145 4337 298 4406 capitalem,
320 4351 368 4390 seu
388 4337 575 4406 principalem,
601 4348 633 4393 nt
649 4349 738 4408 vocat,
753 4341 872 4406 bostem,
890 4343 945 4399 col·
1000 4345 1076 4399 dines
1090 4348 1220 4399 minatur.
1236 4347 1374 4400 Hactenus
1384 4348 1417 4401 S.·
1427 4350 1547 4402 Tbnmas
1561 4347 1649 4402 citans
1667 4347 1748 4402 verba
1758 4349 1796 4402 D.

146 4405 254 4468 locarit,
284 4405 416 4470 imitatus,
445 4413 476 4459 iit
507 4416 627 4475 apparot,
661 4410 787 4466 ordinem
821 4413 945 4468 militaris
999 4415 1131 4486 Gregorii.
1151 4416 1258 4472 Dicitur
1271 4425 1360 4471 autem
1384 4418 1509 4488 superbia
1528 4417 1641 4474 anarbo
1653 4433 1796 4490 supereo:

146 4475 387 4555 disciplipae,·quo
403 4473 472 4529 solet
493 4475 727 4556 robur-exercitus
753 4490 779 4535 et
807 4482 863 4536 dux
888 4484 944 4552 ipse
998 4501 1062 4540 narn
1078 4485 1150 4542 idem
1172 4495 1213 4541 est
1234 4487 1374 4559 superbire
1393 4503 1424 4543 ac
1442 4503 1522 4561 supra
1535 4498 1713 4560 seautsupra
1728 4489 1798 4546 alios

145 4558 292 4614 primarius
312 4559 344 4624 'in
369 4552 492 4626 extremo
516 4560 624 4615 agmine
647 4549 805 4604 consistere.
828 4558 863 4606 At
880 4568 944 4609 iero
998 4556 1050 4622 iro,
1068 4556 1109 4611 iel
1130 4573 1211 4628 supra
1233 4574 1389 4614 mensuram
1410 4566 1437 4614 ot
1453 4559 1639 4616 conditionem
1650 4575 1727 4616 suam
1743 4561 1797 4628 ire,

146 4618 181 4670 D.
203 4616 354 4686 Gregorius
367 4613 437 4681 (Lib.
463 4630 540 4671 xxxx
557 4617 655 4698 Marci..
671 4634 693 4673 c.
720 4619 765 4700 tl)
789 4622 944 4692 superbiam
994 4625 1074 4697 Juxta
1083 4627 1149 4683 illud
1164 4628 1232 4700 psal.
1254 4644 1332 4685 cxxx
1348 4633 1454 4700 :Neque
1471 4632 1610 4685 ambulari
1630 4633 1660 4685 in
1675 4635 1794 4702 maan's,

145 4694 221 4742 extra
228 4686 342 4741 classem
353 4693 380 4740 et
388 4701 534 4742 numerum
544 4688 833 4758 capitaliumritiorum
843 4694 943 4763 posuit,
997 4713 1080 4768 neque
1094 4701 1120 4752 in
1135 4701 1302 4756 iiiirabiiibus
1314 4717 1394 4770 supin
1408 4717 1457 4756 me.
1477 4702 1559 4759 Unde
1577 4701 1701 4758 isidorus
1721 4704 1794 4772 (lib.

146 4766 254 4830 utsaepe
274 4756 442 4824 dictumest,
457 4773 573 4829 eamque
592 4758 664 4814 velut
686 4769 802 4818 matrem
825 4772 853 4819 et
875 4766 944 4836 regi·
998 4769 1031 4823 de
1056 4773 1162 4827 Summo
1180 4775 1251 4828 Bono
1272 4789 1294 4826 c.
1317 4777 1389 4837 aut:
1411 4774 1557 4844 Superbus,
1582 4773 1680 4844 inquit,
1704 4774 1796 4829 dictus

143 4845 207 4885 nam
226 4830 353 4885 omnium
379 4829 522 4912 vitiorum,
536 4828 608 4912 volut
620 4831 761 4902 superiore
781 4841 809 4889 et
826 4835 943 4891 emincn·
998 4844 1047 4903 est,
1063 4845 1129 4911 quio
1143 4859 1224 4913 super
1237 4845 1296 4898 eiilt
1308 4845 1398 4899 elateri·
1420 4861 1502 4914 quom
1514 4851 1574 4900 est:
1590 4846 1639 4914 qui
1652 4847 1724 4900 enim
1735 4846 1796 4901 mn
1827 4877 1839 4889 ·

143 4901 212 4956 tiore
227 4899 346 4972 quodam
360 4898 421 4956 loco
434 4908 587 4958 constituit.
598 4903 751 4974 Utramque
778 4912 876 4960 tamen.
885 4922 942 4962 sen·
995 4915 1152 4982 mperpredi
1164 4915 1234 4984 qriod
1248 4921 1296 4982 est,
1308 4915 1436 4985 siipcrlms
1451 4920 1498 4970 est.
1528 4920 1675 4971 Ansclmus
1698 4916 1744 4972 lib.
1757 4916 1795 4972 de

143 4972 254 5026 tentiam
272 4970 378 5028 diversa
399 4973 505 5028 ratione
528 4980 555 5027 et
569 4972 782 5030 consideratione
796 4977 941 5035 subnixam
995 4983 1141 5040 Similitnd.
1162 5005 1168 5039 :
1186 4987 1314 5056 Superbia
1336 4991 1457 5054 uocatur,
1472 4992 1508 5041 'co
1526 4989 1597 5057 quod
1612 5002 1693 5058 super
1708 5004 1794 5058 quain

142 5042 266 5097 conciliat
288 5049 316 5096 et
338 5040 467 5110 explanat
481 5047 515 5097 D.
535 5043 655 5126 Thomas
676 5044 704 5128 in
728 5044 800 5128 liiinc
827 5049 939 5106 modum
994 5053 1087 5109 debeat
1096 5057 1231 5125 proditur.
1244 5057 1325 5112 Unde
1338 5072 1354 5112 a
1368 5055 1500 5141 theologis
1509 5059 1645 5130 superbiae
1657 5058 1796 5126 delinitio,

143 5117 218 5178 (2-2,
240 5129 266 5182 q.
292 5116 355 5176 16l,
379 5128 404 5164 a.
422 5116 459 5179 8)
488 5129 495 5165 ε
519 5115 650 5183 Superbia
677 5126 773 5188 inquit,
799 5120 941 5190 dupliciter
990 5129 1360 5194 periersiisseui‘nordinatus
1372 5144 1493 5199 propria
1509 5131 1796 5187 eccellenti'usieeecl·

142 5184 305 5239 coiisiderari
317 5187 404 5266 potest
419 5202 427 5235 r
441 5198 493 5236 tino
502 5183 580 5238 modo
601 5188 745 5267 secundum
760 5205 797 5255 sc,
811 5197 891 5260 prout
902 5199 940 5249 est
992 5197 1121 5252 situdinis
1131 5201 1275 5269 appetitus.
1291 5200 1650 5272 Sicdugnstinusffledioit.
1659 5203 1678 5255 l.
1689 5216 1792 5272 rvcap.

140 5255 276 5378 &addam
284 5254 939 5331 specialepeccatummliomadasecaaaumqnod
993 5271 1027 5333 33
1049 5269 1082 5323 de
1106 5270 1184 5324 Verb.
1208 5274 1313 5325 Damio.
1337 5286 1417 5326 serm.
1433 5271 1481 5343 5³)
1498 5292 1504 5327 z
1522 5274 1606 5329 Amor
1629 5274 1795 5329 eccellentiae

178 5325 795 5413 batquamdamintluentiamiiiomniapeccrita.
804 5333 939 5402 Capitalia
953 5374 979 5436 D
992 5341 1117 5408 soperbia
1142 5346 1263 5395 uocatur.
1287 5341 1340 5398 Sed
1360 5342 1467 5414 plenius
1481 5343 1627 5399 scolastici.
1643 5345 1704 5399 Non
1718 5343 1793 5400 enini

139 5401 229 5479 autem
242 5400 310 5450 uitia
326 5400 465 5464 pariantur
485 5397 609 5464 quiedam
630 5403 757 5468 specialia
767 5407 888 5471 peecata,
903 5421 938 5460 ce
991 5410 1792 5484 onmisexcellentiaamorsuperbiaenominedamnandus3

140 5468 234 5550 qubus
251 5467 337 5548 marlia
361 5482 458 5534 ¹(perrara
478 5472 647 5550 peccatorum
670 5474 803 5526 oriuntur.
824 5476 859 5528 Et
877 5475 935 5530 idm
991 5478 1038 5541 sed
1054 5495 1132 5535 amor
1152 5481 1208 5536 sive
1228 5483 1364 5554 appetitus
1381 5485 1563 5552 inordinatus,
1585 5486 1675 5555 idest,
1696 5494 1793 5542 contra

139 5538 252 5607 midam
262 5538 459 5620 considerantes
480 5540 633 5608 superbiam
650 5542 794 5597 secuiidum
813 5545 935 5612 quodest
988 5550 1101 5606 rationis
1123 5551 1248 5607 ordinem
1274 5566 1299 5609 et
1319 5556 1450 5626 regulam.
1480 5557 1630 5612 Ordinatus
1648 5565 1741 5614 autem
1763 5568 1794 5615 et

138 5609 273 5678 qrioddam
295 5611 408 5680 speciale
427 5615 574 5678 praeratum,
604 5619 858 5669 connumeraverunt
877 5631 935 5671 eam
987 5628 1078 5676 rectus
1091 5637 1149 5678 esse
1162 5622 1221 5679 talis
1234 5640 1313 5680 amor
1327 5626 1432 5682 duobus
1446 5635 1552 5683 tantum
1565 5628 1654 5685 modis
1668 5637 1787 5700 postest.

139 5680 201 5735 aliis
208 5682 284 5735 atreis
293 5681 464 5765 capitalibus
478 5683 688 5751 Gi‘cqoriusocro
697 5684 865 5767 comederam
875 5691 935 5743 uni‘·
988 5691 1114 5750 Primum
1134 5710 1198 5750 cuni
1217 5697 1335 5779 propriae
1357 5698 1523 5754 excellentiae
1535 5706 1562 5755 et
1576 5698 1662 5756 laudis
1678 5700 1791 5757 solliciti

134 5754 265 5805 cerealem
277 5755 610 5836 ausiulluentiiimquom
619 5755 699 5809 babet
710 5759 839 5811 iiiomnia
851 5760 932 5823 uitia,
988 5777 1084 5820 sumus
1098 5774 1208 5838 propter
1223 5769 1272 5824 Der
1288 5768 1422 5825 bonorem
1446 5779 1473 5824 et
1494 5769 1613 5841 proximi
1628 5771 1785 5828 utilitatem.

114 5833 171 5872 aaa
184 5826 811 5901 marrummaruteamaliisaapr'talr‘busur'tirs3
826 5829 933 5904 scdpe·
987 5836 1029 5893 De
1048 5837 1138 5909 primo
1153 5839 1324 5911 Apostolus:
1348 5840 1663 5915 perpicacissinqnit,
1678 5843 1710 5898 in
1734 5846 1791 5900 Do·
