3848 6158
131 211 198 266 1033

684 198 852 262 coturno
871 200 941 257 tvl.
959 230 995 242 -
1013 202 1058 259 DE
1076 203 1238 263 rilssCl'ilrl.

1719 213 1787 270 lost

128 335 224 405 tuerit,
237 333 345 392 auterre
359 332 487 392 noluerit.
504 335 544 389 lta
556 331 640 404 igitur
658 338 748 387 tacere
766 326 832 384 nibil
844 324 929 400 prod·
944 330 972 394 Α
986 328 1058 387 tibus
1081 329 1229 390 multitudo
1252 330 1379 398 venisset,
1412 349 1493 390 nemo
1515 334 1542 390 in
1563 343 1705 392 auctorem
1725 337 1788 395 ritae

128 437 183 498 est,
201 428 225 485 si
239 427 339 485 idcirco
359 427 441 485 nobis
454 425 608 484 indicamus
628 421 778 491 silentium,
802 427 833 477 ut
856 419 931 493 quod

985 432 1087 481 nostrae
1105 426 1150 483 iilo
1171 428 1311 484 cruentior
1337 426 1439 485 exstitit
1465 429 1597 502 parricida
1626 447 1711 504 quam
1731 432 1788 505 qui,

130 519 399 594 agendomconricio
409 518 508 589 iuerat,
521 518 575 576 lroc
586 515 772 575 taciturnitate
787 511 930 583 iaciamus,
979 528 1100 585 cunctos
1112 520 1178 577 srcto
1194 520 1367 580 salutationis
1389 518 1495 580 honore
1509 525 1688 596 praeveniens,
1706 540 1789 582 oscu-

129 613 313 671 ossimilantes
335 612 470 686 quosdam
490 622 594 686 gestus,
618 610 719 685 quibus
737 618 764 667 ct
786 608 830 665 ille
848 623 932 680 quem

128 723 226 766 curare
248 723 303 767 nos
324 708 454 781 oportuit,
482 705 680 764 vehementiori
703 702 854 761 inardescat
877 701 933 758 ira-

130 802 239 871 cundia,
263 811 292 859 et
305 818 357 860 nos
379 818 459 875 super
477 801 537 858 haec
566 799 658 858 omnia
682 798 786 856 damno
807 797 880 854 illius
902 810 933 852 ac

132 894 282 968 perditione
297 893 458 965 laudemur3
482 894 559 969 quasi
581 909 646 951 rcro
659 908 715 950 non
730 890 813 949 etiam
834 905 867 947 ex
881 889 934 946 hoc

131 990 191 1060 ipso
206 989 267 1061 quis
277 987 450 1047 criminosior
458 988 505 1058 sit,
516 986 590 1061 quod
601 987 718 1060 gloriam
730 984 783 1042 sibi
796 983 830 1043 de
840 982 934 1040 iratris

131 1082 246 1139 soluerit
266 1081 418 1155 perditione
436 1083 604 1154 conquirere.
629 1080 750 1154 Utrique
765 1079 840 1137 enim
854 1087 867 1114 ⁸
880 1076 933 1134 tale

131 1178 273 1235 silentium
291 1176 342 1234 erit
354 1177 494 1251 aequaliter
507 1178 620 1235 noxium
636 1196 643 1233 :
657 1175 720 1250 quia
733 1174 803 1232 sicut
816 1187 934 1245 exagge-

132 1279 175 1325 rat
187 1271 215 1326 in
234 1269 345 1327 alterius
359 1272 441 1329 corde
457 1269 603 1336 tristitiam,
625 1269 663 1328 ita
676 1269 704 1325 in
723 1283 775 1326 suo
799 1282 855 1323 non
868 1281 933 1338 pcr-

133 1362 218 1419 mittit
241 1363 386 1437 exstingui.
415 1365 517 1423 Contra
546 1378 615 1436 quos
636 1362 680 1417 illa
707 1358 847 1432 prophetae
868 1359 934 1415 satis

132 1457 242 1527 proprie
253 1464 295 1513 est
308 1456 408 1513 directo
422 1455 574 1513 maledictio
588 1473 594 1509 ε
611 1458 658 1512 l'ee
670 1457 720 1525 qui
728 1458 805 1525 potat
821 1456 934 1509 arrienos

132 1564 221 1610 snum,
236 1552 347 1603 mittens
362 1550 401 1617 (ei
416 1564 505 1613 suram,
519 1551 544 1603 ei
555 1548 693 1603 inebrians
706 1550 737 1601 ui
747 1549 864 1617 uspiam
884 1562 935 1601 rru-

132 1642 245 1697 <litatem
258 1643 326 1713 ejrrs,
341 1643 458 1713 repletus
470 1646 509 1698 cst
525 1643 676 1711 ignominia
687 1657 740 1711 pro
751 1642 838 1710 pieria
853 1641 935 1711 (riba-

132 1751 189 1791 ρης,
208 1738 254 1803 11),
272 1734 342 1793 titud
358 1750 467 1808 quoque
481 1734 555 1807 quod
569 1750 618 1808 per
628 1732 712 1791 alium
724 1732 758 1790 de
773 1733 874 1790 talibus
889 1732 936 1790 di·
952 1760 977 1824 B

134 1829 205 1887 citur
218 1851 224 1884 :
237 1830 307 1897 Quia
316 1832 402 1885 omnis
412 1832 501 1898 irater
510 1829 691 1899 supplantans
701 1829 898 1899 supplantabit,
911 1833 936 1883 et

134 1922 936 1992 omnisamtoresboerdnlenterincedet,etvirtratremsunm

136 2015 273 2082 irridebit,
283 2018 308 2069 et
320 2017 462 2070 ceritatem
474 2030 526 2069 reon
533 2015 654 2085 loquetur
659 2034 668 2081 3
677 2014 855 2069 cateridemnt
865 2016 936 2069 enim

136 2108 257 2176 linquam
272 2122 349 2162 suom
361 2110 441 2178 qnasi
454 2123 545 2162 ornem
560 2107 695 2162 mendacii
705 2111 730 2162 et
743 2123 797 2162 non
810 2109 936 2164 ueritatis

135 2202 243 2265 (terem.
260 2205 314 2268 rx).
327 2201 404 2273 Saepe
423 2209 515 2257 autem
528 2199 591 2256 licta
605 2199 734 2272 patientia
748 2200 832 2256 etiam
845 2198 937 2256 acrius

134 2292 170 2349 ad
183 2292 349 2350 iracundiam
363 2310 447 2367 quam
472 2309 563 2351 sermo
576 2293 729 2361 succendit,
752 2301 779 2349 et
803 2291 937 2349 atrocissi-

134 2400 194 2441 mas
210 2386 357 2443 verborum
377 2386 543 2444 transcendit
563 2385 679 2458 injurios
693 2385 812 2459 maligna
827 2386 934 2442 tacitur-

134 2479 219 2546 nitas;
252 2479 391 2552 leviusque
421 2480 572 2537 tolerantur
610 2478 785 2536 inimieorum
814 2478 936 2549 vulnera,

130 2587 218 2643 quam
236 2571 406 2630 irridentium
420 2572 535 2630 subdola
558 2572 757 2630 blandimenta.
779 2575 821 2629 De
839 2572 937 2644 quibus

135 2666 243 2737 proprie
257 2666 355 2723 dicitur
368 2682 417 2739 per
431 2667 593 2740 prophetam
605 2685 612 2722 :
623 2669 723 2747 Molliti
731 2671 795 2724 surii
805 2682 937 2723 serneoncs

135 2763 193 2832 ejus
211 2780 292 2835 super
310 2766 405 2829 oleerrn,
422 2770 447 2821 ct
462 2767 515 2836 r'psi
526 2770 589 2821 suni
597 2767 692 2835 jreeula
711 2766 794 2837 (Psoi.
813 2768 887 2833 tte).
904 2767 939 2820 Et

137 2856 199 2911 olibi
211 2875 218 2909 ε
231 2858 244 2891 ¹³
259 2858 347 2913 l'erbo
358 2856 517 2914 callidorum
536 2858 639 2919 molleis,
655 2859 710 2912 terro
723 2861 812 2913 aniem
832 2858 938 2926 somniet

139 2951 165 3000 io
173 2950 327 3018 penetralia
336 2955 436 3006 reatris
450 2951 537 3022 [Prae.
548 2952 647 3021 xxrt).
663 2950 770 3023 Quibus
780 2951 861 3007 etiam
872 2950 938 3007 illud

137 3047 229 3110 potest
240 3040 374 3111 eleganter
388 3043 474 3114 aptari
489 3063 495 3098 :
517 3047 549 3100 ln
563 3061 606 3100 ore
615 3061 709 3115 pacem
721 3061 779 3100 eum
791 3049 876 3101 amico
890 3061 939 3102 suo

986 611 1043 669 lum
1056 612 1179 673 subdolre
1190 613 1330 672 charitatis
1343 613 1466 688 ingessit.
1480 618 1529 674 Cui
1541 617 1688 687 Dominus,
1706 619 1788 687 iada,

986 705 1086 780 inquit,
1098 708 1185 765 oscedo
1197 710 1298 765 Filium
1313 709 1428 766 bomirn's
1443 711 1533 767 tradis
1545 713 1635 781 (Luca
1647 712 1748 783 xxrrli
1761 711 1790 770 id

987 808 1038 868 est,
1052 801 1206 861 amaritudo
1220 804 1418 875 persecutionis
1434 813 1515 877 atque
1535 804 1592 862 odii
1608 804 1646 861 tui
1661 804 1714 862 hoc
1729 814 1788 877 teg·

987 907 1051 949 men
1062 895 1210 966 assumpsit
1224 909 1278 966 quo
1292 893 1410 953 dulcedo
1425 897 1480 952 veri
1492 898 1595 955 amoris
1608 896 1785 970 exprimitur?

987 988 1117 1059 Apertius
1141 1003 1250 1061 quoqne
1283 1004 1315 1044 ac
1340 989 1530 1046 vehementius
1553 1007 1601 1062 per
1628 990 1791 1064 prophetam

986 1077 999 1111 ‘¹
1016 1081 1071 1135 rim
1086 1078 1168 1152 hujus
1182 1079 1285 1137 doloris
1297 1091 1441 1155 exaggerat
1456 1104 1462 1139 :
1480 1084 1612 1149 eroniam
1628 1087 1654 1140 si
1666 1087 1791 1142 inimicas

986 1188 1071 1235 meus,
1086 1170 1182 1244 inquit,
1194 1173 1381 1229 maledixisset
1391 1174 1470 1236 milri,
1481 1176 1669 1229 srestinnirscm
1681 1178 1789 1245 ntiprre3

987 1268 1044 1322 cisi
1056 1268 1133 1336 isqui
1142 1265 1237 1321 oderat
1248 1282 1300 1336 me,
1308 1281 1390 1337 super
1401 1280 1443 1321 me
1450 1281 1550 1335 mopere
1564 1267 1668 1321 locutus
1678 1267 1789 1338 latura,

987 1360 1181 1416 abscondissem
1194 1375 1235 1415 me
1248 1362 1344 1431 utique
1364 1360 1399 1414 ab
1418 1374 1456 1415 eo.
1474 1362 1514 1416 Ta
1527 1375 1587 1415 erro
1604 1360 1680 1417 bomo
1693 1363 1792 1417 errrore·-

988 1457 1050 1522 mis,
1062 1455 1120 1509 dere
1132 1469 1205 1509 meres
1218 1458 1243 1510 ct
1254 1458 1332 1509 rrotos
1340 1468 1425 1522 maes,
1439 1455 1488 1524 qni
1500 1454 1582 1508 omrai
1590 1469 1691 1510 raecum
1702 1456 1792 1511 dulces

990 1549 1114 1620 capiebas
1129 1547 1210 1616 cibos,
1226 1550 1256 1602 in
1275 1547 1351 1605 domo
1370 1550 1420 1604 Dei
1441 1547 1637 1604 ambulavimus
1651 1562 1712 1605 euos
1728 1564 1791 1605 con-

989 1660 1068 1701 sensu
1083 1643 1165 1715 (Psoi.
1179 1645 1250 1711 xrs).

1274 1733 1393 1793 CAPUT
1410 1736 1493 1791 XlX.

1118 1834 1156 1886 De
1169 1830 1212 1885 iris
1225 1832 1273 1900 qui
1285 1845 1319 1885 ee
1334 1828 1663 1900 indipnationep'ejnnani.

1027 1922 1110 1980 Aliud
1123 1939 1232 1996 quoque
1252 1920 1397 1995 profanum
1418 1922 1536 1979 tristitiae
1549 1938 1636 1995 genus
1654 1926 1705 1989 est,
1719 1920 1794 1993 quod

991 2014 1105 2089 dignum
1120 2016 1384 2073 commemoratione
1399 2031 1456 2072 non
1470 2013 1569 2083 iuerat,
1583 2013 1636 2071 nisi
1656 2013 1683 2070 id
1698 2030 1714 2070 a
1728 2029 1794 2070 non·

991 2110 1074 2167 nullis
1086 2110 1216 2167 iratribus
1236 2110 1382 2168 scissemus
1400 2109 1521 2176 admitti,
1543 2108 1589 2181 qui
1607 2124 1672 2163 cum
1690 2107 1794 2164 tristifi-

992 2204 1045 2259 cati
1067 2202 1166 2260 luerint
1179 2203 1219 2260 rel
1238 2203 1312 2270 irati,
1327 2203 1361 2259 ab
1380 2202 1439 2274 ipso
1453 2201 1535 2257 etiam
1549 2201 1724 2273 pertinaciter
1735 2200 1794 2257 abs·

990 2296 1077 2354 tinent
1096 2298 1167 2367 cibo,
1191 2300 1288 2367 itaut,
1308 2297 1484 2371 quodetiam
1504 2296 1594 2354 dicere
1617 2296 1721 2369 absque
1740 2312 1795 2368 pu-

991 2389 1057 2447 dore
1080 2407 1135 2447 non
1171 2407 1327 2464 possumus,
1358 2391 1395 2447 illi
1424 2392 1470 2463 qui
1501 2388 1568 2447 dum
1591 2389 1688 2463 placidi
1719 2397 1793 2458 sunt,

991 2482 1168 2540 reiectionem
1193 2483 1244 2539 eibi
1267 2482 1405 2556 usquead
1430 2482 1531 2539 horam
1556 2490 1666 2540 sextam
1688 2482 1741 2551 rel,
1763 2491 1795 2539 ut

991 2576 1120 2644 multum,
1137 2592 1240 2633 nonam
1258 2585 1358 2650 negant
1372 2592 1402 2633 se
1423 2591 1503 2649 posse
1517 2575 1639 2645 diiierrc,
1653 2592 1718 2632 cum
1732 2573 1795 2631 iue-

990 2670 1076 2726 rint⁸
1100 2670 1212 2726 tristitia
1240 2670 1281 2727 rel
1309 2668 1401 2726 furore
1423 2669 1554 2742 suppleti,
1575 2668 1679 2742 jejunia
1711 2668 1795 2724 etiam

991 2764 1112 2821 biduana
1132 2780 1188 2820 non
1211 2765 1341 2835 sentiant,
1364 2773 1522 2836 tantamque
1544 2760 1642 2818 inedim
1665 2760 1795 2819 deiectio·

991 2873 1055 2913 nem
1075 2856 1226 2913 imcandiae
1247 2858 1373 2914 satietate
1394 2863 1559 2915 sustentent.
1581 2856 1613 2910 In
1641 2870 1697 2927 quo
1718 2856 1796 2928 plane

992 2950 1149 3024 rsacrilegii
1168 2949 1273 3007 crimen
1287 2950 1425 3008 evidenter
1447 2952 1602 3019 incurrunt,
1621 2948 1722 3021 jejunia
1746 2949 1795 3005 sci·

991 3044 1064 3114 licet,
1085 3058 1147 3115 quse
1170 3043 1220 3100 soli
1235 3046 1295 3100 Deo
1313 3060 1364 3116 pro
1378 3043 1567 3100 humiliatione
1583 3041 1674 3099 cordis
1687 3049 1714 3096 ct
1732 3057 1796 3113 pur·

140 3132 272 3201 loquitor,
285 3138 310 3188 et
324 3135 422 3189 occrrlte
436 3138 515 3206 ponit
529 3140 554 3191 ei
567 3136 793 3208 insidiasiterern.
810 3138 866 3209 xx),
879 3139 938 3210 qui·
956 3138 1101 3218 egatione
1126 3136 1253 3195 vitiorum
1283 3146 1346 3194 sunt
1378 3136 1528 3209 specialiter
1560 3134 1713 3205 offerenda,
1746 3150 1796 3206 pro

136 3226 190 3282 trus
212 3234 305 3282 tarnen
326 3229 413 3302 magis
427 3228 561 3302 decipitur
581 3230 639 3302 ipse
662 3230 709 3301 qui
731 3228 841 3302 decipit.
866 3233 939 3288 Nam
992 3232 1126 3290 diabolico
1148 3240 1258 3289 tumore
1280 3231 1439 3288 tolerantes.
1461 3229 1543 3301 Quod
1568 3231 1621 3286 tale
1651 3239 1693 3286 cst
1720 3245 1752 3285 ac
1774 3229 1797 3286 si

137 3330 149 3355 t
164 3323 218 3389 Qui
224 3326 364 3391 proporat
378 3328 440 3379 rorte
451 3326 549 3392 sacrem
565 3327 648 3380 amici
661 3328 705 3381 sui
713 3330 777 3390 rete,
790 3327 941 3382 obrumbat
993 3325 1130 3381 orationes
1142 3332 1223 3396 atque
1237 3322 1366 3379 sacrificia
1383 3338 1438 3378 non
1451 3325 1521 3391 Deo,
1537 3321 1585 3379 sed
1597 3318 1738 3379 daemoniis
1754 3321 1797 3379 de·

138 3415 208 3470 iilud
217 3417 333 3487 pedibus
348 3420 419 3485 suis3
435 3423 461 3475 ct
474 3422 524 3489 qui
544 3420 617 3488 (odit
627 3421 733 3487 foueam
742 3423 870 3491 proniora
880 3434 938 3488 sno,
994 3416 1092 3487 ierant,
1103 3417 1232 3487 illamque
1243 3416 1395 3472 liosoicam
1408 3414 1622 3490 increpationem
1639 3422 1797 3473 mercantur

139 3509 233 3565 irreidit
246 3513 273 3565 iu
283 3526 339 3566 carn
353 3514 408 3582 ipse
418 3515 507 3580 (Pron.
519 3514 615 3585 xxvi).
630 3514 751 3585 [lenique
765 3529 828 3571 cum
842 3529 940 3586 magna
994 3511 1104 3577 audire,
1118 3514 1340 3581 sacrificarentur
1365 3510 1513 3579 deterrentis,
1531 3516 1556 3566 et
1582 3527 1634 3566 roan
1653 3515 1716 3579 lico,
1743 3510 1796 3569 eliis

138 3599 172 3658 ad
185 3601 473 3675 comprehendendum
488 3605 640 3661 Dominum
654 3621 718 3662 cum
732 3604 829 3678 gladiis
843 3614 871 3663 et
883 3605 940 3663 ius·
995 3621 1060 3676 qnos
1074 3605 1240 3675 ignorabunt
1254 3606 1340 3675 (beret.
1354 3607 1468 3673 xxxrr).

686 3769 813 3823 attulit
833 3768 947 3822 usust
965 3764 1245 3823 Colttte'n'talttt's.

175 3920 187 3947 ²
203 3916 346 3971 Silentium
365 3915 418 3969 lroc
433 3927 550 3984 prorum
567 3921 594 3967 et
608 3928 781 3983 perversum,
799 3929 863 3970 cum
878 3916 939 3986 quis
1028 3912 1087 3971 ΙἸ).
1108 3918 1296 3977 Hieronrmus
1311 3914 1392 3971 vertit
1411 3933 1417 3971 :
1438 3913 1527 3969 l'erbo
1540 3914 1695 3968 susurronis
1718 3914 1798 3981 puori

139 4001 172 4039 cr
183 3985 365 4039 amaritudine
377 3984 468 4051 animi,
484 3981 524 4037 vei
544 3997 577 4036 ex
589 3990 748 4052 contemptu
767 3991 815 4039 aut
827 3984 938 4039 derisio·
992 3988 1137 4055 simplicio,
1153 3992 1178 4041 et
1192 3977 1252 4055 ipsa
1264 3988 1423 4055 perueniunt
1436 3985 1473 4038 od
1490 3987 1588 4039 intima
1606 3984 1693 4038 cordis
1707 3984 1794 4051 (l’roe.

139 4070 174 4109 nc
188 4053 318 4125 proximi,
336 4060 418 4119 tacet,
431 4068 481 4107 neo
491 4052 619 4125 dignatur
631 4052 722 4119 ipsum
732 4052 846 4124 alloqui,
858 4064 904 4110 aut
916 4055 940 4110 ei
993 4060 1093 4124 xxvi).
1116 4056 1165 4111 Cui
1180 4054 1279 4110 similis
1294 4055 1428 4109 sententia
1444 4053 1571 4108 Proverb.
1588 4067 1670 4109 xrru
1686 4072 1692 4107 :
1707 4054 1796 4109 Verbo

139 4121 315 4195 respondere,
332 4138 387 4248 quo
408 4122 496 4194 magis
517 4136 581 4178 eum
596 4122 687 4178 irritet
703 4131 730 4178 et
743 4132 881 4195 provocet.
898 4128 941 4181 De
996 4126 1124 4193 br'lr‘npro's
1139 4128 1218 4193 prensi
1230 4124 1376 4193 simplicio,
1389 4127 1414 4178 et
1425 4126 1484 4193 ipsa
1490 4126 1649 4192 perstruunt
1661 4139 1745 4195 usurae
1759 4124 1795 4180 od

139 4196 186 4250 tali
209 4194 319 4249 silentio
350 4192 458 4262 oquitur
468 4197 501 4250 D.
519 4192 670 4265 Gregorius
692 4193 739 4248 lix.
760 4208 779 4247 v
794 4196 941 4253 lloralium
997 4198 1126 4250 r'rrterioro
1140 4197 1249 4250 centris.

141 4267 217 4335 (Cap.
226 4266 326 4333 xxxi),
337 4264 383 4319 ubi
392 4264 430 4319 ait
439 4284 447 4318 .·
456 4265 611 4334 ,iir'puanrio
622 4267 663 4319 iro
670 4266 940 4336 perturbatoonimo,
1033 4276 1043 4301 ⁶
1061 4268 1142 4339 l'ulg.
1165 4274 1255 4321 textus
1270 4284 1276 4320 :
1293 4266 1377 4321 llomo
1390 4266 1440 4335 qni
1453 4264 1559 4321 blandis
1570 4266 1691 4336 fictisque
1701 4281 1796 4323 sereno

141 4358 148 4387 r
162 4340 222 4391 nasi
233 4336 389 4407 sejudicio,
405 4335 542 4391 silentium
554 4336 660 4399 indicit,
675 4343 699 4393 et
709 4353 761 4406 quo
770 4352 798 4393 se
806 4340 883 4406 foras
891 4355 942 4409 per
996 4338 1074 4392 nibus
1089 4339 1209 4408 loquitur
1221 4338 1305 4391 amico
1317 4354 1375 4404 sero,
1386 4342 1441 4392 rete
1452 4338 1583 4406 repandit
1592 4338 1727 4407 qressibus
1739 4338 1796 4408 eires

141 4356 264 4477 stuperem
276 4423 328 4462 non
340 4410 481 4477 ecpnimit,
491 4410 566 4463 intus
576 4408 693 4463 deterius
705 4411 830 4478 ipuesrit;
846 4416 876 4465 at
888 4413 942 4465 ira·
998 4410 1085 4479 illoc.
1100 4407 1194 4479 xrrx).
1211 4408 1267 4465 Ubi
1291 4409 1325 4463 i).
1349 4408 1537 4480 llicrouymus
1551 4416 1628 4465 notat
1649 4417 1796 4481 utrumque

141 4485 185 4534 tus
196 4482 308 4548 pirisque
317 4479 513 4534 collocutionem
524 4494 599 4534 mmor
607 4483 733 4549 procimo
745 4480 899 4546 subtrabot,
916 4486 942 4537 ct
995 4480 1094 4550 exponi
1110 4495 1199 4551 posse,
1214 4487 1241 4535 et
1254 4480 1388 4549 gressibus
1403 4480 1472 4549 c‘us,
1487 4486 1513 4536 et
1526 4482 1658 4550 messibus
1671 4483 1738 4548 soie,
1759 4496 1796 4536 cx

140 4551 211 4605 nibil
221 4550 341 4613 dicendo,
352 4552 477 4620 qrrrrorsr't
487 4565 595 4605 auersas
605 4550 688 4607 dicat.
698 4555 940 4623 Etnonnumqaom
995 4551 1123 4624 anrbiguo
1134 4550 1217 4608 rerba
1231 4551 1338 4619 Graeco,
1350 4496 1426 4623 quod
1433 4558 1475 4607 est
1483 4551 1638 4621 repetitio,
1651 4551 1726 4621 qood
1738 4558 1795 4605 tarn

141 4622 195 4675 lter
209 4624 310 4677 silentii
326 4623 453 4677 seueritas
473 4637 524 4690 per
543 4621 691 4691 disciplina
716 4623 941 4693 dispensationem
995 4622 1146 4696 expandere
1187 4638 1250 4678 uam
1270 4622 1442 4679 circumdare
1463 4621 1609 4693 significat,
1631 4629 1659 4674 ct
1681 4629 1739 4674 tam
1761 4618 1796 4676 ad

139 4695 253 4761 periero,
265 4696 291 4748 si
301 4698 391 4747 terruere
402 4693 514 4748 sollicite
523 4693 552 4745 in
563 4693 664 4747 intimis
673 4693 940 4762 discretionisiormu
995 4692 1084 4764 ipsum
1099 4638 1256 4751 fraudatum
1272 4693 1366 4747 reicrri
1385 4696 1475 4761 potest
1494 4711 1500 4744 ε
1515 4694 1583 4747 iiam
1600 4692 1650 4759 qui
1664 4688 1741 4756 fodit
1752 4692 1795 4756 to·

141 4768 277 4829 terreatnr3
292 4780 492 4835 rrounumqnom
503 4779 575 4823 sero,
586 4764 651 4818 dum
666 4778 788 4820 accensus
801 4767 908 4822 artiores
922 4783 940 4822 o
955 4742 981 4804 D
996 4781 1068 4819 turin
1079 4768 1203 4834 proeiroo
1212 4779 1270 4830 soro,
1280 4764 1417 4839 iprn'detin
1428 4775 1495 4815 earn.
1507 4764 1548 4815 lto
1559 4764 1590 4829 pt
1600 4764 1630 4814 ui
1639 4761 1707 4815 retia
1716 4762 1797 4829 (ron-

140 4838 265 4887 consueto
275 4835 406 4888 iactatione
415 4838 601 4903 restringitur,
610 4850 660 4905 per
672 4849 805 4891 rrrcessnm
815 4839 940 4907 temporis
994 4832 1797 4902 derientunontomeumerrjrrspressibruerpornlrrntur,perron

137 4904 281 4975 perituro
302 4906 424 4973 procimi
442 4905 582 4961 dilectione
595 4910 752 4977 saturatum
777 4910 802 4962 et
825 4911 940 4965 acriores
994 4902 1793 4975 iilumeiquocorpandnntur,inc·olrant.SicD.llieronymus.

141 4975 251 5030 stimuli
258 4974 413 5031 odmentem
424 4977 542 5045 barriunt,
549 4993 697 5046 accusoque,
710 4993 769 5047 qrrrr
778 4981 888 5047 precius
897 4994 941 5033 eor·

141 5050 279 5115 asperent,
294 5048 431 5108 orirentur,
445 5050 525 5116 aique
536 5051 564 5103 in
577 5050 642 5103 irati
651 5049 724 5103 osuio
735 5051 837 5118 festuca
848 5052 876 5104 in
886 5054 942 5105 iro·

142 5118 197 5172 bem
207 5119 330 5181 vertitur,
345 5118 408 5171 rium
423 5119 464 5172 iro
477 5120 506 5173 in
520 5119 611 5173 adirem
623 5124 805 5189 permetiatur.
819 5122 942 5177 Plerum-

1030 4964 1188 5032 intrarem
1208 4976 1278 5029 enim
1293 4974 1410 5029 dolorem
1430 4974 1503 5028 rualo
1525 4977 1665 5045 oeperunt,
1685 4991 1745 5044 perae
1760 4976 1795 5029 ab

997 5049 1133 5102 retroneis
1146 5046 1315 5113 treferuutar.
1331 5046 1394 5101 Pius
1407 5060 1466 5101 erro
1483 5047 1512 5100 r'u
1523 5048 1598 5101 nobis
1610 5062 1640 5101 ea
1660 5048 1794 5101 torrneuta

996 5120 1121 5185 seruirent,
1135 5133 1195 5188 pure
1209 5118 1243 5172 ob
1267 5118 1321 5171 iilis
1336 5119 1463 5185 pertimeo·
1478 5115 1511 5171 dc
1525 5132 1639 5187 priorum
1660 5115 1792 5170 mentibus

143 5204 193 5258 pne
204 5191 243 5242 r'ra
254 5190 449 5258 persilcniinm
458 5190 550 5245 clarrso
560 5191 633 5245 intra
643 5195 755 5246 merrtem
765 5192 943 5248 eeberncrriius
993 5191 1232 5261 preesruncbomus,
1257 5190 1320 5258 quio
1340 5203 1400 5242 eum
1415 5188 1512 5243 danzeio
1525 5189 1640 5257 coepturis
1660 5185 1733 5240 treola
1747 5200 1794 5241 nos

142 5264 251 5319 tt'strrat,
262 5265 286 5313 ei
294 5262 421 5317 clamosos
432 5263 595 5317 ironiaeoces
602 5262 703 5328 sorarai
712 5282 720 5328 i
729 5264 808 5318 verba
819 5264 872 5319 sibi
882 5265 944 5334 qai-

144 5332 193 5386 brrs
204 5337 377 5399 enumeretur
386 5333 490 5403 objicit,
504 5338 529 5387 ct
541 5334 621 5403 pertesi
628 5336 655 5387 in-
665 5348 751 5389 eausu·
761 5338 884 5391 erantne
893 5352 942 5407 po·

142 5405 195 5456 sita
211 5402 308 5455 darr'ns
321 5410 481 5473 exasperato
492 5404 645 5475 respondem
658 5406 747 5475 stopie
756 5409 787 5475 fit
796 5412 827 5462 ut
834 5413 942 5478 pertur-

144 5473 223 5527 batos
238 5475 343 5527 rrrriours
359 5474 487 5543 majorem
500 5478 641 5546 strepitum
663 5478 710 5530 sni
721 5479 823 5532 silentii
835 5481 944 5542 sentiat,

144 5558 255 5613 eumque
271 5547 383 5612 prorius
400 5546 490 5600 clausa
512 5550 561 5600 irre
579 5549 689 5616 tirrmmu
709 5553 855 5604 corrsumat.
878 5551 945 5605 llaee

143 5614 303 5687 Gregorius.
322 5619 408 5670 Porro
427 5615 563 5673 silentium
578 5618 643 5675 alias
672 5618 808 5690 optimum
826 5634 883 5676 esse
900 5635 945 5676 re·

142 5683 267 5741 medium
277 5685 552 5757 aricornprimcndam
562 5695 589 5743 et
599 5690 776 5764 mitigandam
787 5700 845 5748 tum
854 5707 944 5758 suain,

145 5764 205 5811 tum
216 5758 333 5827 preximi
347 5758 426 5825 iram,
437 5756 508 5813 inira
519 5759 633 5817 dicetur.

250 5848 381 5903 Parnon.
401 5846 506 5903 XLlll.

997 5263 1117 5317 crumirut
1129 5262 1235 5317 omissa
1249 5260 1400 5328 claritatis,
1421 5259 1459 5315 ait
1473 5261 1506 5314 B.
1520 5257 1668 5331 Gregorius
1683 5257 1792 5323 (Horati.

998 5338 1032 5389 35
1045 5336 1074 5388 in
1088 5337 1176 5388 Erant
1189 5337 1217 5401 .).
1375 5333 1382 5343 “

1034 5408 1046 5437 ⁰
1059 5350 1308 5460 ParasisJCasstaoo
1330 5399 1481 5468 familiaris,
1494 5408 1525 5457 ut
1545 5414 1617 5471 saepe
1630 5399 1784 5458 notavimus

1035 5473 1132 5530 ¹Cum
1159 5474 1332 5547 sacrilegium
1365 5473 1481 5547 generali
1510 5470 1622 5527 notione
1644 5473 1681 5529 sit
1706 5471 1797 5529 omnis

999 5544 1100 5602 abusus
1121 5544 1161 5600 rei
1175 5559 1271 5611 sacrae,
1285 5552 1311 5600 et
1326 5543 1360 5600 ad
1371 5542 1421 5599 Dei
1432 5542 1534 5599 cultum
1554 5542 1704 5612 destinatae,
1719 5543 1797 5600 sacri·

999 5616 1102 5690 legium
1119 5614 1256 5686 quoddam
1271 5615 1443 5680 committere
1456 5615 1561 5671 ridetur
1578 5615 1624 5687 qui
1646 5632 1679 5673 cx
1692 5616 1799 5671 iracun-

1000 5688 1046 5745 ‹lia
1056 5685 1099 5744 rel
1112 5686 1298 5761 indignatione
1310 5703 1326 5742 a
1338 5686 1408 5744 cibis
1420 5687 1535 5743 abstinet
1547 5698 1594 5743 aut
1606 5688 1722 5770 jejunat,
1736 5680 1799 5754 quit

1000 5760 1028 5816 in
1042 5775 1095 5833 qno
1110 5762 1198 5817 Deum
1216 5760 1304 5819 colere
1316 5758 1420 5830 debuit,
1435 5773 1499 5817 eum
1513 5757 1636 5817 oiiendrt.

1621 5849 1655 5901 33
