3824 6164
660 228 801 286 tuiihuts
818 225 971 284 cassidili
990 223 1234 283 testationes.
1706 222 1775 279 taut

123 240 190 295 laur

19 380 29 399 ·
122 361 321 419 monachorum
339 374 425 431 genus
438 357 551 429 antiqua
568 355 688 411 inimicae
703 354 790 427 gentis
804 366 921 409 eonsue-
935 354 961 417 Α
974 350 1048 407 mino
1066 349 1230 407 dedicarent.
1245 349 1383 406 Caeterum
1397 344 1465 417 justi
1484 343 1583 416 quibus
1601 341 1643 399 lex
1660 358 1716 399 non
1731 352 1774 401 est

122 456 216 513 tudine
239 453 419 521 testabantur,
438 460 467 508 et
488 450 523 508 ad
543 447 791 521 transmigrandum
813 446 847 503 do
868 445 923 503 suis
976 445 1072 517 posita,
1102 444 1203 515 quique
1233 441 1400 514 spiritalibus
1433 436 1535 495 ciliciis
1559 450 1619 492 non
1648 434 1777 508 exiguam

122 551 232 608 sedibus
249 549 338 605 aenas
357 545 506 621 perurgeri,
523 560 556 601 eo
576 543 650 617 quod
668 540 817 599 secundum
839 540 914 597 illam
974 539 1061 608 illam,
1075 537 1103 595 id
1117 546 1170 609 est,
1185 536 1321 594 decimam
1335 542 1452 606 partem,
1469 528 1519 589 sed
1532 537 1624 587 totum
1639 529 1704 586 ritae
1718 545 1778 587 suae

122 643 328 703 similitudinem
341 649 470 713 quatum
483 638 602 711 iligyptii
616 637 686 694 lilios
699 636 781 693 lsrael
795 633 919 692 violentis
971 640 1081 706 tempus
1102 631 1272 705 impendunt,
1292 630 1356 704 quia
1375 628 1453 686 liberi
1484 632 1549 683 suut
1569 640 1585 681 a
1605 624 1777 682 deeimarum

123 738 319 797 afflictionibus
345 733 547 808 opprimebant,
581 749 654 789 nuuc
687 746 797 804 quoque
825 742 919 785 verum
978 727 1107 800 legalium
1126 725 1277 791 iuueuonc,
1293 722 1392 780 idcirco
1412 721 1496 777 siem
1512 719 1710 790 superveniens
1723 718 1777 774 bo-

125 834 219 902 lsrael,
245 832 273 889 id
299 839 351 899 est,
374 830 572 887 monachorum
597 827 702 900 piebem
727 822 922 881 intellectuales
975 828 1049 877 nesta
1071 827 1099 875 et
1119 826 1212 876 sancta
1232 817 1378 873 necessitas
1396 813 1551 882 coarctarit,
1566 810 1700 869 audenth
1721 822 1777 871 sta·

125 926 243 1001 AEgyptii
263 923 416 981 durissimis
434 938 466 979 ae
488 920 627 978 lutulentis
640 919 769 993 operibus
783 918 923 973 incurvare
975 915 1082 970 tionem
1094 912 1187 985 jejunii
1201 912 1303 984 absque
1318 911 1371 967 ulla
1386 906 1585 979 disceptatione
1598 906 1699 965 laxare.
1716 910 1777 966 Non

124 1028 266 1087 conentur,
278 1032 313 1073 ne
331 1032 379 1089 per
392 1015 509 1073 amicam
525 1017 584 1070 Deo
598 1012 719 1086 quietem
733 1020 834 1065 terram
848 1009 924 1078 AEgy·
976 1006 1050 1065 enim
1073 1007 1108 1063 ab
1137 1005 1177 1061 eis
1197 1003 1366 1061 decimarum
1389 999 1523 1073 exiguitas
1548 999 1701 1069 mutilatur,
1728 1003 1776 1073 qui

128 1113 212 1186 ptiam
236 1110 398 1179 deserentes,
421 1109 456 1165 ad
480 1123 604 1164 eremum
630 1106 760 1162 virtutum
780 1100 924 1159 salubriter
976 1100 1059 1169 [lips.
1076 1099 1105 1152 in
1119 1113 1208 1166 miirq.
1224 1095 1298 1168 quia]
1310 1093 1405 1151 omnia
1419 1107 1467 1149 sua
1483 1090 1605 1148 Domino
1617 1107 1711 1149 secum
1724 1109 1775 1166 pa-

127 1213 315 1261 transeamus:
332 1204 370 1257 ita
385 1211 415 1257 ut
429 1200 575 1257 adversum
592 1215 642 1255 uos
658 1198 763 1253 Pharao
778 1194 924 1252 infremens
976 1191 1043 1247 riter
1055 1190 1223 1248 obtuleruut.
1238 1187 1318 1260 Quod
1332 1185 1453 1260 prolecto
1467 1184 1572 1257 absque
1582 1202 1695 1243 summo
1708 1185 1780 1244 irau-

127 1297 209 1363 dicat,
234 1297 318 1351 Otiosi
336 1299 409 1357 sunt,
433 1298 459 1349 et
481 1294 578 1351 idcirco
600 1294 784 1358 conferuntur
797 1290 922 1351 dicentes,
976 1284 1018 1341 dis
1031 1293 1108 1341 reatu
1122 1283 1211 1340 iacere
1224 1282 1270 1338 ille
1282 1296 1338 1337 non
1352 1279 1463 1352 poterit,
1478 1280 1524 1351 qui
1545 1278 1611 1336 nihil
1626 1280 1777 1338 voluntarie

126 1394 259 1447 Ειιιιιιιειι
272 1388 632 1457 soerifiecrnuslloininclleo
644 1390 747 1451 nostro;
761 1386 925 1455 Oppiiirnon-
977 1377 1095 1435 ollerens
1115 1380 1185 1445 Deo,
1207 1374 1425 1432 inexcusabiliter
1445 1372 1554 1429 solvere
1571 1372 1696 1432 decimas
1717 1390 1778 1434 suas

129 1488 175 1539 tur
187 1483 335 1545 laboribus,
349 1485 375 1535 et
390 1482 499 1536 solliciti
508 1483 562 1535 sint
575 1482 603 1534 iri
616 1481 739 1551 operibus
750 1480 817 1545 sur's,
834 1482 860 1532 el
871 1492 924 1532 ιιοιι
977 1472 1042 1545 legis
1069 1470 1229 1528 naeessilatc
1255 1467 1441 1541 compellitur.
1473 1467 1648 1540 Quapropter
1679 1467 1779 1541 liquido

125 1579 180 1632 sint
189 1576 298 1631 solliciti
309 1577 338 1629 in
347 1575 433 1629 ciebis
443 1576 519 1628 eiirris
529 1572 626 1645 (deod.
638 1578 678 1639 r).
692 1575 762 1629 llam
773 1572 867 1642 utique
877 1586 923 1626 ia·
977 1566 1173 1639 comprobatur
1200 1564 1352 1636 perlectum
1374 1576 1433 1619 esse
1457 1576 1514 1618 non
1537 1576 1616 1633 posse
1641 1558 1777 1619 famulum

127 1667 200 1725 nitas
214 1667 360 1739 impiorum
378 1674 502 1723 sanctum
522 1665 634 1722 Domini
655 1664 828 1735 sacrificium,
849 1665 923 1736 quod
978 1660 1055 1734 legis,
1076 1658 1123 1731 qui
1147 1657 1189 1714 rel
1212 1656 1256 1713 illa
1277 1670 1338 1729 quae
1358 1652 1540 1727 probibentur
1558 1661 1641 1723 caret,
1665 1653 1705 1709 rel
1729 1653 1774 1711 illa

130 1760 258 1817 nonnisi
279 1761 306 1815 in
321 1775 413 1816 eremo
434 1759 508 1815 liberi
526 1758 618 1816 cordis
638 1758 763 1827 oiiertur,
783 1764 958 1826 summamss
977 1769 1039 1827 quae
1068 1750 1262 1824 praecipiuntur
1284 1748 1450 1821 exsequitur,
1476 1746 1607 1804 sedilios
1631 1762 1695 1803 rere
1716 1762 1777 1803 esse

127 1870 189 1911 esse
209 1856 305 1910 astruit
326 1854 482 1923 vanitatem,
498 1836 667 1910 abominatio
689 1860 729 1909 est
743 1851 842 1909 etenim
860 1867 924 1924 pec·
978 1846 1113 1922 periectos
1126 1846 1171 1919 qui
1187 1845 1267 1901 etiam
1280 1843 1322 1900 bis
1334 1858 1398 1916 quae
1410 1844 1497 1916 alege
1508 1850 1710 1899 concesserunt
1723 1856 1776 1898 non

126 1948 211 2005 catori
227 1947 330 2021 religio.
978 1949 1102 1999 utuntur.
1118 1942 1153 1994 Et
1166 1939 1217 1995 bac
1234 1938 1341 1994 ratione
1355 1952 1420 1994 cunr
1434 1936 1469 1994 de
1489 1935 1613 1993 lllosaica
1626 1935 1681 2008 lege
1699 1934 1773 1993 dim·

399 2042 518 2098 CAPUT
543 2040 653 2097 XXlX.
979 2043 1044 2093 tur:
1061 2046 1071 2071 ⁶
1086 2035 1163 2093 Nihil
1176 2036 1246 2090 enim
1259 2034 1297 2088 uel
1306 2035 1457 2103 perfectum
1473 2031 1611 2103 perducit
1631 2032 1674 2086 lea
1688 2029 1775 2101 illebr.

129 2136 206 2203 Quod
216 2138 333 2205 perfecti
344 2135 588 2206 supergrediuntur
600 2135 679 2201 legem
693 2131 922 2200 Qucudruqcsimui.

164 2231 249 2283 Hae³
268 2228 349 2299 igitur
363 2218 584 2299 Quadragesimae
597 2226 665 2297 lege,
683 2225 729 2295 qui
739 2224 830 2296 justus
844 2232 925 2296 atque

129 2317 264 2391 perlectus
277 2326 327 2385 est,
347 2333 403 2373 non
416 2325 538 2385 tenetur;
555 2333 606 2373 nec
619 2316 707 2389 exigui
721 2317 801 2389 hujus
814 2316 925 2372 mnonis

128 2411 295 2485 subjectione
317 2418 460 2467 contentus
485 2418 536 2479 est,
561 2425 641 2481 quein
664 2407 787 2481 prolecto
809 2409 924 2481 illisqui

130 2520 179 2577 per
196 2512 286 2561 totum
304 2505 365 2560 anni
380 2504 499 2576 spatium
511 2503 614 2561 deliciis
626 2503 665 2559 iel
681 2502 797 2575 negotiis
810 2502 926 2560 saccula·

130 2599 208 2657 ribus
227 2598 399 2672 implicantur
416 2601 437 2672 (l
456 2602 523 2654 Tim.
543 2604 575 2665 i),
593 2597 777 2655 Ecclesiarum
792 2597 925 2670 principes

131 2700 298 2759 statuerunt;
315 2701 346 2748 ut
361 2693 400 2749 vel
421 2692 472 2748 bae
487 2690 563 2764 legali
585 2690 791 2763 quodammodo
804 2690 925 2747 necessi-

129 2784 184 2843 fate
209 2784 357 2856 constricti,
380 2784 421 2842 bis
445 2785 542 2841 saltem
564 2783 661 2841 diebus
687 2799 783 2841 vacare
806 2784 925 2842 Dommo

130 2889 302 2952 cogerentur,
323 2895 355 2935 ac
376 2878 483 2935 dierum
505 2877 566 2934 vitae
587 2894 656 2943 suae,
672 2893 741 2949 quos
754 2884 828 2933 totos
849 2879 925 2948 quasi

134 2982 230 3028 ructus
246 2971 379 3043 quosdam
395 2970 504 3027 lucrant
517 2971 649 3038 iuraturi,
668 2969 707 3024 rel
731 2970 850 3025 decimas
871 2971 926 3024 llo-

978 2132 1044 2200 virl,
1059 2130 1205 2187 nonnullos
1219 2136 1378 2186 sauctorum
1391 2128 1418 2183 in
1433 2128 1516 2184 reteri
1528 2129 1707 2184 Testameuto
1718 2140 1778 2198 pcr-

978 2224 1065 2282 icctos
1085 2224 1198 2295 legimus
1219 2222 1365 2293 exstitisse,
1388 2222 1451 2295 quia
1470 2219 1701 2278 transcendentes
1717 2220 1778 2293 legis

979 2318 1125 2390 imperium
1137 2318 1189 2373 sub
1202 2318 1357 2390 evangelica
1370 2314 1537 2390 perfectione
1549 2316 1690 2383 vixerunt,
1702 2317 1778 2371 suen·

980 2417 1017 2468 les
1031 2413 1102 2482 quod
1113 2413 1197 2481 juratis
1209 2427 1262 2467 ιιοιι
1278 2416 1316 2467 cst
1332 2413 1376 2466 lec
1386 2412 1487 2482 positu,
1504 2410 1552 2466 sed
1565 2410 1680 2480 injustis
1693 2414 1718 2463 et
1729 2422 1777 2463 non

978 2504 1104 2568 subditis,
1117 2506 1209 2574 impiis
1221 2509 1246 2559 et
1254 2504 1448 2576 peecatoribus,
1461 2504 1600 2561 secleratis
1612 2508 1638 2559 ct
1651 2503 1777 2559 mutemi-

978 2601 1048 2653 nutis
1064 2600 1086 2668 (l
1104 2600 1170 2653 Tim.
1187 2598 1219 2669 ι).

1204 2720 1209 2727 ’
1263 2724 1382 2781 CAPUT
1398 2725 1495 2779 XXX.

1122 2854 1160 2906 ue
1173 2866 1253 2906 cuicsu
1270 2856 1294 2906 cl
1314 2852 1392 2906 initio
1407 2852 1633 2921 Qiiodrupesimti.

1016 2973 1030 3009 <¹
1052 2956 1197 3031 Sciendum
1217 2990 1283 3033 sane
1297 2976 1368 3032 hauc
1383 2975 1587 3033 observantiam
1601 2975 1777 3048 Quadragesi·

677 3117 806 3172 Abultbt
824 3118 936 3173 GhZAEl
955 3117 1233 3178 COMMENTARIUS.

170 3252 183 3278 ⁸
197 3239 328 3297 sufficere
342 3241 406 3296 mibi
423 3240 566 3297 ridebatur
580 3242 622 3296 bic
638 3243 775 3296 monuisse
788 3241 930 3309 lectorem,
945 3243 967 3306 C
1017 3245 1031 3278 ¹³
1046 3246 1198 3301 Stationem
1210 3246 1306 3319 jeiunii
1320 3246 1392 3319 apud
1406 3247 1568 3304 Cassianum
1580 3263 1632 3319 pro
1647 3248 1703 3319 ipso
1712 3244 1777 3318 jeju·

135 3319 166 3369 ut
184 3313 375 3368 annotationes
394 3320 420 3367 et
435 3327 562 3368 censuras
576 3313 653 3368 dom.
675 3311 796 3384 cuychii,
809 3328 859 3368 aec
873 3328 929 3368 uon

135 3383 255 3441 Ciacouii
273 3385 302 3440 in
321 3384 393 3440 bunc
410 3384 501 3439 locum
516 3383 661 3455 diligenter
676 3385 825 3455 perlegeret
842 3392 868 3440 et
883 3400 930 3439 er·

154 3455 274 3511 enderet.
303 3454 357 3509 Sed
381 3462 533 3525 opportune
558 3454 676 3510 occurrit
697 3453 829 3510 sententia
852 3455 926 3511 card.

135 3471 291 3581 heiiaimini
308 3523 342 3579 de
356 3522 409 3578 boc
431 3524 525 3579 itidem
543 3524 617 3588 loco,
630 3540 684 3595 qua
700 3526 864 3581 Cassianum
881 3541 929 3582 seu

137 3595 227 3721 qiotiiis
246 3593 388 3649 Tlieonam
408 3593 535 3649 abbatem
558 3610 613 3650 nou
637 3593 719 3650 modo
742 3605 862 3663 excusat,
881 3596 929 3652 sed

148 3664 298 3733 carrissime
318 3663 438 3720 abluisse
459 3664 553 3719 asserit
573 3666 606 3721 ab
621 3680 713 3721 errore
733 3665 928 3737 Begardorum,

134 3737 182 3809 qui
195 3735 331 3790 docebant
345 3736 416 3791 siros
431 3735 566 3806 periectos
578 3752 634 3791 nou
649 3737 733 3791 tenori
750 3737 851 3808 legibus
860 3738 929 3809 jeiu-

135 3807 263 3872 uioruni;
284 3821 366 3877 quam
389 3806 549 3862 sententiani
573 3806 730 3863 Bellarniini
751 3824 799 3879 pro
824 3807 931 3864 lectoris

135 3877 335 3934 commoditate
354 3886 381 3933 et
398 3877 581 3932 satislaetione
596 3878 639 3931 bic
655 3878 841 3934 ascribendam
855 3879 930 3935 duri.

135 3949 182 4006 Sic
194 3947 459 4018 igiturBellaruiinus
469 3949 536 4013 (ιιι.
550 3962 574 4003 ιι
585 3950 617 4002 de
625 3952 690 4004 Boii.
702 3950 780 4019 (siper
793 3965 852 4019 cup.
866 3952 910 4018 ιθ)
923 3969 929 4004 :

139 4020 215 4088 Quinti
229 4021 326 4074 attinet
340 4019 377 4073 ud
391 4020 557 4081 Crassianam,
572 4020 726 4088 longissime
740 4022 831 4087 obsicii
845 4024 931 4091 ipseo

983 3313 1028 3370 nio
1040 3316 1135 3387 accipi,
1149 3317 1211 3372 alibi
1227 3317 1396 3373 ostendimus
1411 3318 1481 3386 (Lib.
1496 3333 1515 3373 v
1531 3321 1624 3374 Instit.
1639 3336 1670 3373 cn
1692 3362 1698 3372 .
1713 3316 1775 3389 rii:

983 3400 1038 3466 quo
1050 3388 1132 3442 etiam
1147 3386 1229 3444 modo
1245 3388 1343 3460 accipit
1356 3389 1541 3446 Tertullianus
1556 3390 1584 3445 iu
1598 3389 1648 3445 lib.
1664 3336 1696 3445 cfr
1710 3391 1778 3446 Ora·

984 3462 1058 3511 tione
1078 3466 1211 3527 extremo,
1233 3459 1279 3514 ubi
1299 3459 1406 3531 quaerit,
1427 3465 1521 3515 sitium
1537 3477 1587 3531 per
1608 3462 1779 3516 Eiicbnrislie

981 3532 1175 3597 perceptionem
1189 3531 1308 3585 solentur
1321 3534 1424 3586 statio?
1435 3531 1509 3602 quod
1527 3532 1640 3603 perinde
1656 3540 1698 3587 est
1713 3548 1744 3587 ac
1756 3531 1777 3587 si

983 3608 1118 3669 quaereret
1127 3616 1161 3655 an
1172 3601 1342 3657 Eucharistia
1352 3602 1388 3657 sit
1400 3601 1463 3657 talis
1471 3601 1561 3666 cibus,
1573 3610 1604 3658 ut
1614 3618 1648 3658 eo
1660 3611 1778 3674 sumpto,

983 3678 1129 3726 censeatur
1149 3672 1270 3727 solutum
1293 3687 1352 3728 esse
1372 3671 1527 3743 jejunium?
1549 3677 1579 3728 ln
1601 3672 1713 3744 antiquo
1734 3672 1779 3729 illo

983 3738 1066 3807 libro,
1082 3739 1143 3796 licet
1155 3741 1321 3814 apocrypho,
1337 3742 1384 3814 qui
1399 3744 1519 3799 Pastoris
1535 3742 1697 3807 inscribitur,
1713 3746 1781 3799 ller-

985 3824 1044 3864 mas
1060 3810 1119 3881 ejus
1134 3811 1193 3867 libri
1209 3820 1304 3868 auctor
1318 3813 1357 3867 sie
1370 3814 1517 3869 introducit
1527 3816 1665 3869 Pastorem
1680 3828 1779 3869 metim

985 3880 1140 3949 loquentem
1161 3903 1167 3936 ι
1183 3884 1254 3950 Quill
1267 3888 1321 3938 tum
1335 3900 1413 3939 murae
1432 3887 1482 3940 bue
1495 3887 1606 3941 secuisti?
1622 3886 1779 3955 Respoiidi:

985 3951 1126 4018 Quoitiurn,
1137 3956 1256 4017 Domine,
1269 3958 1411 4009 secutionem
1426 3957 1517 4011 liabeo.
1535 3955 1608 4023 Quid
1616 3960 1666 4018 cst,
1681 3958 1779 4026 inquil,

984 4026 1083 4078 stulta?
1095 4028 1129 4079 st
1141 4024 1204 4079 diei
1216 4044 1224 4079 ε
1237 4027 1383 4095 ieiunium.
1396 4027 1442 4082 Sic
1453 4027 1537 4082 etiam
1549 4029 1584 4082 D.
1598 4026 1780 4100 Hieronymus

138 4092 324 4160 licquriiorum
342 4106 437 4145 urere.
458 4092 522 4144 leiti
536 4094 625 4144 irritem
639 4094 702 4144 suni
719 4094 856 4161 precipue
871 4108 931 4162 quei
985 4107 1086 4149 nomeu
1101 4095 1229 4151 stationis
1243 4097 1383 4167 usurparit
1399 4096 1446 4152 lili.
1462 4112 1487 4153 ιι
1500 4105 1599 4153 contra
1611 4098 1779 4154 Jorimanum

138 4163 212 4219 uocet
223 4164 251 4217 in
262 4164 396 4231 eocepile.
408 4163 530 4217 Primum
541 4162 664 4229 seminini
676 4162 794 4217 homines
803 4163 891 4231 justos
901 4180 932 4217 ue
985 4162 1021 4219 ila
1040 4165 1160 4221 scribens
1179 4185 1187 4221 ε
1207 4168 1285 4233 Saul,
1301 4170 1370 4224 sicut
1390 4170 1419 4221 iu
1438 4172 1593 4237 lleqiioruin
1605 4172 1695 4239 primo
1713 4170 1780 4223 libro

136 4236 268 4305 perfectos
279 4250 332 4288 ιιοιι
343 4233 481 4302 subiacere
493 4234 546 4299 leqi
558 4235 671 4300 couniti,
684 4248 743 4287 cuin
757 4236 812 4303 ipsi
822 4251 874 4289 rien
884 4250 933 4304 per
985 4237 1122 4303 scribitur,
1136 4239 1304 4300 Maledictus,
1325 4240 1423 4307 inquit,
1436 4242 1486 4308 qui
1495 4240 1583 4295 ederit
1594 4256 1691 4310 purtem
1703 4256 1781 4310 usquc

139 4306 381 4373 Quuclroqesiniuru
394 4305 489 4367 solunt,
505 4304 551 4358 scil
566 4306 649 4357 etium
689 4319 717 4358 er
734 4310 818 4359 iutiiui
835 4321 934 4360 ttrtltttm
987 4307 1177 4376 urlccsperum,
1185 4309 1385 4365 uoiieeuteticui·
1392 4312 1472 4364 incde
1479 4312 1602 4365 inimicis
1610 4315 1780 4366 triersElnun

138 4380 232 4445 sponte
249 4376 426 4442 sinceriterque
435 4374 568 4444 jejunent.
589 4377 656 4430 Dein
677 4390 690 4429 e
707 4374 786 4429 aditet
802 4376 936 4444 ejusmodi
987 4380 1199 4446 pistusi'tosuuis
1212 4381 1326 4448 populus
1340 4381 1407 4449 ejus.
1423 4383 1557 4451 ioniique
1568 4384 1628 4450 fuit
1639 4384 1779 4437 iiiictorilos

138 4448 270 4515 persuetus
284 4447 361 4505 uirus,
374 4447 400 4499 si
408 4460 488 4499 ceusu
501 4444 574 4498 arisit
588 4446 732 4499 reluauiuli
737 4446 875 4514 jejunium
891 4450 934 4501 iu·
987 4449 1112 4503 sturionis
1129 4451 1208 4504 sesnel
1227 4452 1339 4506 Domitio
1353 4452 1505 4514 destituite,
1528 4458 1560 4507 ul
1578 4454 1716 4511 Jutiiailios.
1733 4454 1782 4523 qui

139 4516 252 4579 dietum,
270 4517 355 4569 tuti'us
372 4515 401 4567 iu
416 4530 492 4583 posse
508 4517 597 4581 fucere
608 4531 688 4583 quiunt
701 4522 807 4570 crateres
821 4521 870 4585 qui
881 4534 934 4571 nou
987 4520 1068 4573 curisti
1088 4522 1205 4575 victorie
1220 4523 1371 4590 restiterat,
1392 4524 1638 4593 depireberideretur
1657 4530 1735 4583 sorte.
1755 4528 1779 4579 el

138 4585 588 4657 seruumnisiprieseriptujcjuniu
597 4589 722 4654 quonium
736 4589 788 4656 ipsi
796 4590 862 4642 certi
871 4593 934 4643 sitiit
989 4592 1149 4660 iqrieriiiitice
1160 4593 1258 4645 emines
1270 4592 1405 4649 declinere
1418 4609 1471 4648 uun
1481 4602 1581 4663 posset.

140 4664 165 4715 el
183 4660 258 4730 upttil
272 4676 299 4714 se
312 4662 336 4714 el
347 4658 422 4728 apud
433 4659 500 4712 ulios
513 4672 540 4711 se
551 4672 601 4711 nou
615 4672 697 4712 cause
711 4660 932 4727 intemperantiis,
950 4626 975 4688 ⁰
1023 4663 1034 4693 ⁰
1049 4663 1090 4716 Ex
1100 4675 1139 4725 se,
1151 4662 1256 4743 supple.
1273 4665 1339 4719 Nam
1354 4663 1426 4735 quod
1439 4665 1526 4736 aliqui
1535 4664 1620 4721 saneti
1631 4672 1656 4719 et
1666 4662 1775 4733 persecu

139 4732 187 4787 secl
200 4733 283 4786 solitis
297 4730 447 4792 eharitatis,
462 4729 599 4784 rcluaussc
607 4728 727 4799 ieiunio.
742 4730 830 4785 Addit
842 4735 934 4785 tomen
988 4731 1039 4787 sub
1053 4731 1109 4803 lege
1124 4734 1287 4801 exstiterint,
1300 4734 1326 4792 id
1339 4750 1394 4790 ιιοιι
1406 4750 1438 4791 eii
1451 4734 1511 4806 lege
1528 4751 1576 4793 seu
1589 4736 1681 4789 uirtute
1697 4733 1777 4806 legis,

142 4807 220 4860 tertio
231 4806 301 4858 uiros
315 4804 374 4857 illos
383 4802 523 4872 perfectos,
537 4802 586 4881 qui
593 4816 644 4870 per
656 4805 740 4855 totum
754 4802 935 4871 iiriruimjeju·
987 4802 1034 4858 sed
1046 4818 1079 4858 ex
1093 4803 1177 4875 gratia
1189 4804 1299 4872 Christi,
1315 4804 1341 4862 id
1355 4813 1405 4874 est,
1421 4807 1539 4875 blessiae,
1554 4807 1582 4863 in
1595 4820 1674 4879 quem
1688 4804 1779 4862 erede-

142 4880 220 4936 nniit,
240 4892 293 4929 neu
312 4876 396 4929 terreri
412 4874 514 4942 legibus
529 4872 708 4941 ieiuniorum,
730 4873 827 4941 quibus
845 4874 936 4927 ceteri
987 4873 1061 4941 bant,
1078 4875 1216 4931 consecuti
1237 4883 1308 4943 suut,
1328 4883 1358 4932 ut
1372 4875 1472 4948 passim
1494 4878 1577 4935 docet
1597 4876 1741 4948 Apostolus
1754 4876 1782 4933 in

143 4949 276 5005 terrentur,
289 4961 347 4998 crim
360 4946 413 5013 ipsi
421 4946 483 5013 pitis
497 4942 612 5011 offerunt
623 4948 674 4998 Deo
686 4960 767 5014 qiinm
778 4945 820 4999 bis
834 4945 934 5013 lapibus
987 4944 1127 5015 Epistolis,
1138 4946 1196 5018 lege
1209 4954 1317 5003 tantum
1328 4947 1361 5003 ad
1374 4948 1489 5019 gratiam
1504 4949 1668 5020 disponente
1680 4957 1705 5003 ct
1718 4956 1781 5004 tam·

136 5017 323 5087 piracipiutur.
337 5017 427 5081 Atque
435 5017 464 5068 in
474 5015 520 5067 boc
531 5017 609 5068 terrio
621 5031 672 5069 nori
685 5017 869 5070 eeistimumus
879 5031 934 5070 seu·
986 5031 1068 5087 quam
1085 5016 1233 5100 paedagogo
1253 5017 1461 5075 manuducente.
1477 5020 1561 5076 Unde
1576 5023 1658 5076 Joau.
1680 5035 1690 5075 ι
1703 5020 1778 5075 msc·

141 5088 255 5144 lerilium
274 5084 332 5155 ejus
353 5098 406 5138 esse
420 5085 591 5154 sequendum,
614 5090 671 5140 tum
684 5088 749 5155 quie
764 5103 814 5141 non
832 5090 934 5157 oporiet
987 5085 1041 5142 lute
1055 5092 1082 5141 et
1095 5102 1143 5157 per
1156 5088 1311 5144 antithesim
1325 5088 1425 5145 dicitur
1440 5108 1449 5143 :
1464 5093 1521 5147 les
1533 5108 1585 5161 per
1598 5095 1705 5161 Moysen
1717 5090 1778 5145 thiu

137 5157 935 5231 prepteroblationemuoluiitcuiumprutumiilereneeessu-
986 5162 1024 5213 est
1040 5175 1049 5212 :
1067 5158 1165 5215 (irretio
1177 5164 1201 5214 cl
1212 5162 1310 5217 eir-itus
1321 5177 1372 5231 pei·
1388 5164 1477 5218 iesum
1494 5163 1632 5221 Christum
1647 5165 1719 5231 [ortu
1730 5164 1776 5224 est,

141 5233 225 5297 tium,
248 5237 304 5286 turn
320 5232 433 5300 propter·
452 5229 584 5283 rectionem
601 5230 683 5298 puulo
705 5233 766 5283 certic
785 5229 931 5295 trudilum3
986 5243 1041 5284 non
1055 5244 1103 5300 per
1114 5231 1238 5312 Moysen.

140 5306 261 5374 qiuinris
273 5304 344 5357 enim
355 5316 408 5355 non
422 5305 515 5369 equum
531 5300 575 5355 ilii
587 5300 742 5355 adeuntem
756 5299 933 5356 edomandum
1021 5300 1034 5335 ἅ
1058 5301 1190 5368 Quamvis
1207 5302 1349 5360 ciaconius
1368 5303 1439 5361 bunc
1456 5302 1547 5362 locum
1567 5315 1720 5377 utcumque
1732 5302 1779 5360 dc·

134 5375 242 5444 jejuniis
255 5389 404 5444 quiscerem
415 5372 530 5439 clientis,
543 5372 592 5440 qui
603 5386 652 5439 per
667 5375 733 5424 totos
747 5386 846 5425 merses
856 5371 933 5440 peiu-
986 5369 1095 5427 iendere
1116 5379 1143 5427 et
1161 5371 1195 5427 ab
1214 5388 1308 5431 errore
1326 5385 1353 5431 et
1371 5374 1486 5431 falsitate
1505 5376 1647 5434 vindicare
1660 5384 1779 5439 conetur,

139 5447 307 5512 neresolerit;
316 5444 457 5501 terriculis
466 5443 812 5498 eommtiriiscstelomnibus
821 5442 932 5508 indicte,
987 5450 1078 5497 taincn
1091 5440 1146 5498 duo
1160 5452 1224 5499 sunt
1244 5443 1289 5500 hie
1303 5460 1365 5516 quae
1383 5446 1449 5504 milii
1464 5446 1592 5505 ride-ntur
1606 5446 1782 5520 castigatione

162 5517 252 5569 roimh
270 5533 310 5571 ees
330 5531 435 5587 quoque
457 5516 575 5585 obiiane
593 5529 646 5569 non
665 5514 774 5570 desinit.
795 5515 932 5572 Hactenus
985 5513 1072 5585 magis
1092 5528 1175 5585 quam
1189 5516 1362 5573 excusatione
1381 5534 1413 5575 ac
1430 5518 1588 5576 defensione
1609 5520 1704 5592 digna.
1723 5515 1782 5573 Pri·

179 5583 328 5641 llarmiaus.
354 5588 437 5644 Cu'us
462 5586 603 5642 sententias
628 5585 742 5642 omnino
767 5583 933 5657 suffragatur
984 5600 1072 5654 mum,
1086 5600 1141 5641 non
1155 5584 1239 5643 luisse
1258 5588 1292 5643 ab
1306 5589 1435 5659 apostolis
1449 5590 1476 5646 in
1493 5591 1560 5662 ipsis
1579 5590 1711 5647 Ecclesiae
1724 5587 1781 5661 pri·

140 5671 154 5713 s
166 5652 262 5709 'nodus
280 5655 433 5712 Tridentina
446 5658 524 5721 (Sese.
543 5662 560 5712 tt
574 5673 634 5713 cuii.
651 5661 689 5723 ι),
701 5659 750 5713 sub
763 5657 933 5711 nrurtbcmute
985 5656 1097 5712 mordiis
1109 5656 1191 5713 latam
1205 5659 1292 5729 legem
1302 5656 1335 5715 ds
1348 5660 1535 5718 observatione
1545 5661 1780 5735 Quadragesimte,

160 5728 268 5796 efiniens
281 5726 621 5795 boiiiinemjuitiiteutunict
631 5728 932 5797 quemlibetpert’ectum
985 5726 1031 5783 sed
1046 5726 1241 5798 posterioribus
1255 5730 1427 5801 tenporibus
1439 5749 1456 5789 a
1468 5733 1672 5799 sacerdotibus,
1689 5730 1715 5789 id
1729 5738 1779 5797 cst,

142 5801 228 5855 teneri
237 5797 274 5853 ud
287 5796 482 5853 coracensium
495 5798 684 5851 aceruatarum
700 5800 749 5853 Dei
762 5803 788 5851 et
799 5799 930 5852 Ecclesiic.
985 5796 1117 5871 episcopis
1137 5797 1219 5856 luisse
1238 5798 1391 5859 institutam
1413 5803 1522 5876 (Βιιιιιι.
1542 5805 1590 5860 ιιι.
1607 5819 1632 5861 ιι
1648 5805 1683 5861 de
1700 5803 1780 5860 Βοιιιι
