3848 6158
144 233 196 288 tlt
219 259 223 265 ν
817 224 957 282 tonsillis
974 223 1127 282 cussinis
1751 229 1805 285 348
1830 288 1832 292 ,

145 359 241 416 obrem
253 356 288 414 ad
301 355 477 429 periecdonis
489 355 634 413 dumtaxat
650 353 786 411 rationem
806 367 862 410 non
879 354 946 411 satis
958 358 986 421 Α
1000 367 1064 411 mus
1086 352 1210 426 adipisci,
1233 351 1336 426 dequo
1358 350 1455 409 dicitur
1477 354 1575 408 :Beati
1589 353 1691 408 mundo
1706 353 1803 419 corde,

146 453 267 526 proderit
286 451 380 508 abesse
402 451 546 519 homines,
574 450 602 506 in
624 463 695 521 quos
714 448 755 504 ira
770 457 914 504 moveatur
936 464 944 502 ι
980 447 1132 518 'quoniam
1143 448 1198 517 ipsi
1213 449 1296 502 licum
1309 446 1437 501 ridebunt
1449 445 1556 511 (Mutii.
1571 448 1601 512 v)
1621 459 1701 500 :uon
1713 444 1807 501 solum

146 562 210 605 cum
229 547 252 603 si
269 545 400 619 patientia
413 546 488 618 prius
507 560 564 600 non
582 541 665 599 fuerit
678 540 821 614 aequisita,
839 541 947 598 ⁸etiam
1001 540 1129 596 euostris
1149 539 1257 596 actibus
1271 539 1330 595 baia
1347 536 1511 611 amputanda
1533 546 1587 604 est,
1607 537 1655 594 sed
1669 537 1753 594 etiam
1771 582 1775 594 ,

148 656 212 716 erga
225 656 269 699 res
283 649 373 698 mutas
387 639 544 712 speciesque
562 637 682 694 minutas
695 635 814 693 exerceri
827 634 949 692 similiter
1002 633 1224 692 intemisauimae
1236 633 1364 691 radicitus
1374 630 1555 704 exstirpanda.
1567 633 1630 688 ilari
1645 631 1720 688 enim
1729 633 1809 694 valde

148 734 294 792 iracundiae
321 734 406 807 possit
430 731 561 802 allectus,
595 731 642 804 qui
668 730 792 789 residens
816 730 845 787 iii
867 728 950 786 corda
1004 726 1127 801 proderit
1146 727 1442 785 iracundiaecohibitus
1462 725 1579 783 iurorin
1593 727 1694 797 serbo,
1710 743 1763 787 uec
1778 730 1808 787 in

147 836 255 896 nostro,
270 843 320 882 nec
342 828 435 898 iugem
456 841 508 882 nos
529 823 668 898 possidere
678 823 884 897 tranquillitatis
895 829 949 880 sta·
1006 819 1137 878 elicorum
1158 821 1296 893 prolatos,
1318 822 1340 878 si
1363 821 1439 877 illum
1452 821 1557 877 arcanis
1578 823 1697 893 pectoris
1720 825 1827 882 nostri
1870 888 1882 903 .

148 929 218 988 tum,
230 935 280 976 nec
292 918 408 976 residuis
429 919 503 976 vitiis
522 934 615 976 carere
630 918 782 992 permittet,
803 917 856 974 nisi
877 915 950 974 forte
1002 920 1094 987 Deus,
1121 932 1203 989 quem
1227 923 1330 974 secreta
1356 931 1413 971 non
1435 915 1521 972 latent
1548 915 1688 985 cordium,
1719 917 1810 977 inesse

149 1013 178 1069 in
196 1027 230 1070 eo
250 1019 378 1086 putemus
398 1013 630 1070 commotionibus
650 1011 752 1070 nostris
772 1011 879 1068 lucrum
901 1009 950 1066 ali·
1004 1003 1205 1084 perspexerit.¹'
1223 1008 1338 1081 Radices
1349 1008 1421 1066 enim
1435 1007 1563 1065 vitiorum
1575 1008 1667 1080 potius
1685 1011 1810 1070 exscindi
1915 1007 1918 1013 ’

150 1103 235 1176 quod,
250 1105 292 1161 rel
309 1104 463 1162 remedium
475 1106 644 1178 comparari,
656 1103 733 1178 quod
750 1101 950 1161 maledictioni·
1006 1105 1129 1180 praecipit
1140 1103 1318 1178 Evangelicns
1329 1119 1432 1174 sermo,
1449 1119 1531 1176 quam
1545 1102 1668 1173 fructum
1679 1106 1727 1178 qui
1740 1122 1811 1179 pro-

82 1226 93 1245 *
152 1197 204 1254 bus
225 1196 268 1253 iel
292 1196 439 1254 iracundi&
459 1206 573 1266 1¹⁰⁵i¹aei
594 1199 709 1255 minime
727 1212 772 1255 res
794 1195 953 1253 inanimatae
1006 1199 1137 1258 ouldubio
1156 1199 1255 1255 evulsis
1271 1197 1415 1254 fomitibus
1431 1212 1604 1270 nequaquam
1621 1197 1732 1255 ulterius
1746 1201 1811 1272 pul-

152 1291 291 1362 mutaeque
318 1291 514 1365 respondeant,
549 1300 577 1350 et
601 1291 837 1366 intemperantiam
854 1287 953 1346 'cordis
1006 1292 1131 1350 lulabunt
1149 1310 1155 1349 :
1171 1299 1253 1365 atquc
1275 1291 1312 1348 ita
1336 1305 1414 1348 mens
1436 1291 1537 1363 poterit
1553 1290 1654 1364 jugiter
1681 1292 1811 1350 inomni

151 1385 238 1441 nostri
250 1384 285 1442 ad
293 1385 428 1458 majorem
438 1401 610 1459 nequaquam
619 1395 771 1461 provocent
779 1383 954 1444 exardescere
1007 1387 1135 1461 patentia
1150 1395 1177 1444 et
1191 1385 1334 1443 sanctitate
1355 1385 1467 1454 durare,
1480 1399 1544 1441 cum
1564 1383 1623 1441 haec
1638 1399 1696 1441 non
1708 1384 1742 1442 de
1760 1400 1812 1443 su-

151 1474 249 1535 luroris
264 1479 406 1536 insaniam.
1008 1481 1118 1556 perdam
1132 1481 1296 1554 operationis
1312 1489 1341 1538 et
1354 1475 1477 1548 actuum,
1492 1478 1589 1536 sedda
1608 1479 1811 1552 cogitationum

435 1576 557 1632 CAPUT
575 1577 658 1633 XlX.
1008 1575 1109 1633 luerint
1126 1575 1215 1632 evulsa
1232 1573 1423 1646 penetralibus.
1446 1571 1554 1630 Etideo
1572 1587 1606 1629 ue
1627 1572 1811 1632 liamicidium

237 1672 274 1724 lle
285 1669 452 1738 amputanda
466 1672 508 1725 ira
521 1671 665 1726 secundani
677 1674 863 1743 Euangeliiim.
1008 1677 1189 1743 perpetretur,
1216 1669 1271 1738 ira,
1286 1668 1437 1740 odiumque
1450 1665 1609 1737 succiditur,
1630 1667 1688 1724 sine
1709 1669 1812 1741 quibus

187 1761 358 1833 Quapropter
371 1761 394 1818 si
409 1760 483 1818 illam
503 1778 642 1820 summam
656 1764 741 1821 divini
752 1767 858 1838 praemii
877 1766 951 1839 cupi·
964 1754 991 1825 Β,
1005 1762 1144 1821 homicidii
1160 1762 1264 1820 crimen
1282 1762 1359 1820 nullo
1374 1760 1458 1819 modo
1477 1760 1576 1819 valebit
1592 1760 1710 1820 admitti.
1726 1766 1739 1797 ⁶
1758 1765 1814 1833 Qui

704 1983 834 2043 sinaut
853 1986 967 2043 GAZAEI
984 1984 1263 2043 COMMENTARIUS.

186 2169 272 2250 ‘lios
283 2169 372 2242 ipsum
386 2170 525 2245 eleganter
537 2175 650 2231 uomitu
662 2179 698 2233 D.
720 2179 899 2252 Augustinus,
911 2178 956 2236 bis
1009 2177 1109 2235 inlerre
1134 2176 1233 2250 cupiat.
1255 2175 1432 2303 Loguebalur
1445 2175 1521 2231 enim
1544 2174 1680 2232 Dominus
1699 2188 1811 2232 accom-

154 2237 242 2294 ierbis
258 2244 351 2297 :lram
363 2245 434 2298 nititl
447 2246 590 2302 aliudesse
606 2264 688 2317 quain
701 2251 846 2306 ulciscendi
862 2252 957 2306 libidi—
1009 2249 1121 2306 madata
1138 2250 1174 2306 ad
1196 2246 1295 2304 bomici
1317 2248 1389 2313 ium,
1407 2247 1442 2303 de
1467 2261 1522 2318 quo
1540 2247 1679 2320 agebatur,
1693 2253 1721 2303 et
1741 2246 1813 2303 iram

153 2322 214 2392 nem
225 2314 504 2392 ijeteiasdefinieriir'it,
514 2321 638 2387 quamuis
652 2322 728 2376 liomo
743 2337 954 2392 nonnumquam.
1010 2330 1090 2377 vocat
1107 2335 1163 2377 non
1181 2332 1292 2376 omnem
1303 2318 1497 2390 appetitionem
1518 2318 1661 2386 vindictae,
1678 2316 1833 2389 quemad·-

153 2379 337 2462 iibiairdictai
349 2386 440 2441 niellus
460 2393 499 2442 est
511 2404 619 2454 sensus,
636 2393 718 2445 etiam
736 2393 814 2447 rebus
828 2395 957 2449 inanimis
1009 2392 1126 2448 modum
1152 2406 1168 2446 a
1187 2389 1355 2461 pbilosophis
1377 2388 1516 2460 delinitur,
1536 2389 1661 2450 sedeam
1684 2388 1813 2458 proprie,

154 2457 301 2520 marcatum·
312 2461 344 2510 iit
355 2458 425 2511 male
443 2459 598 2515 scribentem
610 2463 711 2530 stylum
722 2463 842 2525 collidat,
856 2465 898 2518 uel
909 2479 957 2518 aa·
1048 2477 1072 2521 aa
1081 2459 1387 2517 tenditadhomicidium
1396 2461 1558 2527 (llialdunat.
1567 2462 1595 2516 iri
1604 2460 1699 2517 diutili.
1708 2465 1811 2541 cap·53

155 2520 255 2578 tamum
269 2527 386 2596 frangat
399 2531 496 2584 iratus.
515 2533 651 2588 l’ernmet
664 2535 717 2588 ista
730 2535 955 2598 irrationabilior,
1097 2533 1131 2588 ιιι
1152 2535 1223 2588 less.
1245 2531 1291 2586 lib.
1311 2546 1344 2586 iv
1366 2531 1398 2586 de
1416 2535 1483 2588 Just.
1502 2550 1524 2591 c.
1541 2539 1580 2604 ⁴)-
1604 2528 1708 2602 Assebat
1721 2529 1815 2601 sl‘1¹¹5'

155 2595 245 2674 tamen
256 2598 382 2666 quadani
395 2599 541 2656 uleismndi
554 2603 638 2658 libido
650 2608 703 2671 est;
715 2609 740 2659 et
750 2607 836 2660 nescio
845 2621 906 2674 qua
916 2610 958 2670 (ut
1010 2603 1123 2661 demde
1140 2603 1187 2659 illo
1206 2610 1342 2675 praecapto
1361 2620 1369 2658 ι
1389 2605 1452 2660 lion
1467 2607 1577 2662 centies.
1592 2599 1673 2673 Quod
1685 2608 1716 2658 ut
1726 2600 1815 2674 expli·
1835 2630 1838 2635 ·

153 2668 195 2719 ita
208 2666 340 2748 damaim)
354 2673 436 2740 quasi
456 2673 552 2728 umbra
565 2674 764 2741 retributionis·
779 2681 810 2730 at
824 2677 958 2747 paimolo
1010 2683 1096 2743 caret,
1112 2673 1215 2742 docuit,
1228 2688 1284 2730 non
1298 2672 1390 2730 solum
1400 2683 1545 2733 externum
1560 2671 1738 2732 homicidium
1752 2687 1816 2730 esse

152 2735 271 2816 famant,
284 2741 358 2820 mala
368 2743 594 2812 patianturtlib.
614 2760 670 2802 xiv
688 2746 722 2802 de
739 2747 817 2804 cii-ti.
829 2763 889 2818 cap.
903 2752 956 2813 15).
1013 2754 1155 2818 peccatum
1173 2742 1348 2801 mortiterum
1374 2744 1516 2817 injudicio
1531 2745 1639 2811 diuino,
1663 2741 1712 2800 sed
1729 2742 1814 2800 etiam

154 2805 188 2861 Et
203 2822 233 2863 iii
252 2812 367 2879 epistola
385 2810 419 2867 ad
435 2812 594 2872 Nebridium
616 2819 691 2879 τινα,
712 2816 808 2888 inquit,
823 2824 958 2888 quantum
1012 2816 1148 2875 occultam
1161 2816 1242 2883 iram,
1256 2829 1309 2886 qua
1320 2815 1382 2888 quis
1400 2818 1516 2888 proximi
1529 2819 1716 2884 mortem,aut
1733 2828 1816 2888 grave

154 2880 280 2947 meafert
298 2885 398 2965 opinio,
413 2887 452 2938 est
473 2887 793 3012 turbulentusapiipetitus
812 2890 960 2955 auferendi
1011 2894 1208 2945 nocumentum
1229 2896 1321 2958 optat,
1341 2896 1373 2944 ut
1392 2889 1502 2959 exponit
1528 2893 1562 2946 D.
1582 2884 1768 2956 mitrasii-2
1783 2903 1812 2957 q·

155 2963 187 3002 ea
209 2966 269 3018 quie
283 2953 444 3018 tantitatem
467 2959 579 3013 actionis
601 2960 673 3029 impe
694 2961 763 3013 iant.
789 2963 882 3030 ltaque
896 2962 958 3030 ple·
1013 2965 1082 3027 158,
1103 2963 1164 3015 at
1188 2963 1214 3013 et
1234 2962 1265 3031 5)
1293 2977 1299 3013 2
1321 2974 1353 3014 ac
1367 2957 1481 3031 proinde
1503 2976 1561 3018 non
1580 2957 1671 3016 solum
1684 2972 1749 3014 eum
1767 2958 1816 3029 qui

154 3034 268 3089 namque
279 3037 333 3076 non
344 3024 495 3080 dominibus
510 3032 627 3090 tantum,
642 3029 689 3083 sed
697 3029 800 3084 calamo
812 3030 957 3086 irascimur
1011 3029 1115 3103 reipsa,
1141 3027 1289 3086 sedetiam
1311 3044 1375 3085 eum
1398 3029 1443 3102 qui
1466 3030 1523 3087 sola
1547 3029 1691 3087 occidisset
1716 3028 1814 3085 volun-

155 3103 184 3142 in
195 3091 342 3154 sorbendo,
356 3109 465 3163 uimque
478 3096 640 3161 collidimus,
655 3101 916 3171 atquesranpimiis3
933 3106 959 3158 ei
975 3107 998 3172 c
1013 3108 1080 3169 tate,
1094 3115 1173 3157 reum
1194 3115 1255 3158 esse
1266 3100 1404 3158 homicidii
1427 3099 1499 3172 apud
1519 3106 1627 3168 Deum3
1649 3100 1717 3155 sieut
1729 3098 1815 3171 paulo

153 3159 283 3215 aleatores
299 3166 414 3245 tesseris,
435 3170 459 3219 ιι
470 3169 584 3236 pictores
599 3171 735 3239 penicilla
754 3175 889 3242 risuique
912 3175 959 3228 in·
1013 3180 1078 3229 anta
1093 3172 1208 3236 dixerat,
1221 3187 1275 3229 non
1296 3171 1386 3229 solum
1398 3187 1463 3229 eum
1476 3173 1521 3244 qui
1544 3175 1630 3246 reipsa
1648 3169 1816 3227 adulterium

155 3232 421 3303 strumentaqiulibet
434 3251 468 3317 ec
480 3254 532 3307 quo
540 3239 725 3307 difficultatem
736 3257 764 3298 se
770 3245 834 3313 pair·
840 3245 959 3300 arbitra·
1013 3243 1139 3316 patravit,
1151 3241 1200 3301 sed
1209 3245 1290 3300 etiam
1298 3243 1343 3316 qui
1351 3252 1457 3316 patrare
1466 3244 1562 3311 uoluit,
1579 3243 1734 3301 adulterum
1742 3257 1815 3300 esse.

154 3304 209 3354 tur.
228 3303 386 3359 llacautem
407 3308 569 3364 assiduitate
581 3312 620 3377 sei
634 3328 746 3368 creseere
764 3317 844 3390 ctiam
860 3316 960 3371 medici
1013 3314 1097 3388 Atqui
1119 3314 1173 3373 boc
1199 3313 1284 3372 modo
1313 3329 1401 3387 neque
1425 3315 1567 3384 Christus,
1589 3328 1677 3397 neque
1699 3312 1816 3385 apostoli

154 3371 314 3439 asternunt:
330 3382 461 3433 cremento
476 3385 565 3435 autern
579 3383 652 3449 tellis
669 3399 767 3440 rursus
784 3390 810 3441 et
822 3388 912 3454 tacita
928 3403 960 3443 ac
1014 3399 1147 3458 umquam
1166 3386 1226 3442 irati
1242 3394 1315 3442 sunt.
1330 3387 1401 3441 Nam
1421 3386 1495 3457 quod
1509 3391 1602 3444 Petrus
1621 3384 1729 3441 ridetur
1742 3387 1817 3441 Ana·

152 3457 237 3525 prope
247 3447 328 3501 nullis
339 3451 426 3504 carnis
434 3452 608 3534 ambientibus
617 3456 763 3510 irascimur
770 3458 957 3523 (aduenit,
1012 3457 1087 3513 niam
1102 3465 1130 3512 et
1147 3457 1300 3583 Sapbfram
1314 3455 1399 3513 iratus
1410 3457 1551 3525 ooeidissti
1566 3473 1622 3513 ¹¹⁰⁰
1636 3457 1685 3522 iri,
1701 3454 1750 3537 ⁸9⁴1
1769 3471 1817 3513 ΥΘ·

155 3518 235 3594 epist.
256 3517 392 3598 taillia
414 3522 440 3576 S.
459 3523 636 3593 Augustinus.
654 3527 688 3580 D.
707 3527 828 3583 Thomas
848 3543 960 3585 causam
1013 3526 1126 3601 ligioni,
1142 3535 1171 3583 et
1190 3527 1388 3599 zeojustitiae,
1410 3544 1498 3600 neque
1522 3538 1553 3585 ut
1574 3529 1659 3585 liomo
1678 3535 1815 3598 privatus,

156 3581 315 3668 hujusmodi
337 3604 385 3669 irae
403 3599 430 3645 et
449 3594 644 3651 commotionis
662 3595 798 3666 explicans
817 3617 823 3652 :
846 3599 912 3655 Curii
929 3601 960 3655 in
1011 3598 1060 3655 sed
1071 3606 1103 3654 ut
1119 3597 1171 3654 Dei
1191 3597 1330 3666 minister,
1347 3597 1442 3655 fecisse
1461 3599 1614 3657 credendus
1632 3605 1691 3664 est,
1708 3605 1740 3654 ut
1753 3599 1818 3655 alibi

156 3653 270 3739 tramine,¹
284 3667 384 3728 inquit,
400 3664 437 3716 sit
455 3667 480 3717 et
494 3665 574 3728 rano,
595 3668 802 3735 etimapiiiati'o,
815 3668 960 3739 dupliciter
1011 3669 1191 3726 ostendimus.
1222 3669 1275 3726 Sed
1298 3670 1377 3742 juvat
1403 3670 1446 3726 bic
1473 3672 1500 3726 S.
1526 3670 1663 3727 Tbomam
1692 3677 1817 3741 spectare

125 3771 131 3780 .
155 3741 184 3780 iri
197 3726 496 3814 dominepotestmotus
517 3737 565 3790 ira
582 3737 729 3806 insurgere.
751 3741 808 3795 Uno
822 3741 900 3795 modo
926 3757 960 3795 ea
1012 3740 1119 3823 plenius
1139 3747 1167 3795 et
1183 3742 1334 3797 accuratius
1356 3739 1407 3795 ista
1434 3742 1624 3814 explicantem.
1649 3740 1816 3804 Dicendum,

153 3798 211 3880 sola
226 3806 418 3881 imaginatione
429 3807 572 3861 iiiiiitr'ante
586 3807 720 3863 larionem
734 3828 742 3864 ι
756 3815 781 3866 ιι
790 3812 829 3866 sie
841 3813 960 3882 insurgit
1011 3811 1115 3883 inquit,
1147 3812 1220 3881 quud
1245 3812 1347 3883 aradus
1380 3813 1448 3876 iret,
1484 3829 1549 3883 quoi
1585 3814 1714 3867 DOmfmli
1796 3814 1819 3869 ’Ἰ

156 3869 255 3938 aliquis
272 3877 359 3928 motus
371 3876 420 3930 irai
441 3878 524 3931 etiam
536 3878 626 3933 adres
637 3881 811 3937 irrationales
826 3887 851 3937 et
867 3885 960 3937 inani·
1013 3881 1126 3955 (nempe
1152 3883 1274 3940 lllattbaei
1304 3882 1416 3955 quinto)
1438 3899 1491 3938 nori
1511 3887 1645 3955 pertinent
1667 3883 1705 3937 ad
1752 3886 1819 3940 eber

155 3945 243 4024 matus
253 3944 398 4025 seeundum
407 3948 613 4004 similitudinem
626 3952 700 4006 illins
710 3957 806 4015 matris,
819 3955 868 4023 qui
879 3957 918 4009 est
931 3958 960 4009 iri
1012 3968 1056 4009 sas
1079 3955 1128 4009 ira
1148 3957 1246 4025 speeies
1271 3955 1342 4011 :sed
1356 3957 1528 4024 accipiantur
1550 3954 1694 4011 recaredum
1710 3969 1819 4024 proees-

155 4014 319 4095 animalibus
337 4022 429 4072 eontra
449 4020 586 4089 quodlibet
606 4023 736 4080 noricum.
760 4025 823 4080 Alio
836 4026 914 4081 modo
925 4041 959 4081 ea
1013 4040 1073 4081 sum
1088 4026 1203 4081 inmani
1217 4031 1293 4082 aetus
1303 4046 1311 4093 ς
1323 4028 1353 4081 iri
1366 4028 1461 4096 quilius
1471 4028 1562 4097 primo
1573 4025 1678 4096 aliquid
1690 4027 1721 4080 iii
1734 4026 1816 4083 eorde

156 4087 261 4168 ratione
279 4090 423 4143 nuntiante
446 4091 604 4147 larionem:
624 4096 650 4148 et
666 4096 720 4159 sic,
739 4100 771 4151 ιιι
785 4096 959 4168 philosophiis
1013 4098 1174 4168 macipitur.
1188 4101 1224 4154 Et
1237 4101 1369 4167 quantum
1382 4099 1419 4152 ait
1440 4098 1487 4152 liae
1507 4097 1573 4153 dicit
1593 4116 1601 4151 ι
1622 4098 1675 4165 Qui
1687 4098 1820 4154 irascitur

155 4153 263 4235 diuini
284 4170 309 4212 ιι
327 4160 463 4217 libatorio.
481 4167 550 4234 (cap.
564 4163 605 4235 3),
618 4166 692 4221 riullo
705 4167 782 4223 moda
803 4172 961 4239 potestesse
1015 4169 1103 4236 tratri
1112 4183 1170 4223 suo.
1185 4168 1336 4225 Secundum
1345 4173 1436 4224 autem
1448 4173 1496 4232 est,
1507 4185 1566 4223 crini
1578 4169 1731 4238 perreliqua
1739 4170 1820 4238 siqua

158 4239 203 4278 ira
222 4227 260 4279 ad
274 4243 316 4283 res
327 4232 504 4297 insensibiles,
517 4251 600 4305 neque
613 4238 651 4292 ad
664 4243 797 4303 mortuos,
813 4244 870 4294 tum
895 4241 962 4310 quio
1015 4240 1151 4294 eciaicra
1164 4240 1359 4306 manifestatur
1370 4242 1500 4301 euterius,
1514 4241 1595 4294 eiiam
1605 4243 1752 4308 antequam
1757 4254 1821 4310 pro

159 4309 213 4375 non
226 4296 326 4358 delerit,
336 4303 409 4367 quod
422 4307 541 4359 manime
553 4312 789 4374 quamintiratiin
805 4313 853 4373 ais,
866 4311 962 4381 quibus
1015 4313 1126 4379 rumpat
1145 4312 1174 4363 i'n
1187 4311 1332 4377 eflectum,
1345 4314 1371 4364 ιι
1386 4315 1518 4380 <titatium
1538 4311 1576 4364 (td
1597 4311 1644 4365 noc
1658 4310 1745 4364 diiii?
1766 4311 1822 4377 (Μ’

161 4370 316 4419 irasceretur
332 4386 340 4420 i
356 4373 413 4423 tum
424 4375 505 4453 etiam
519 4378 584 4453 quio
600 4392 653 4430 non
667 4384 705 4433 ιιι
719 4381 755 4433 od
773 4395 814 4435 cos
830 4381 961 4444 uindicta,
1016 4381 1211 4448 di'rceiitsratri
1219 4395 1276 4444 aiio,
1291 4381 1392 4443 Raiba,
1406 4381 1477 4451 quod
1488 4387 1528 4437 est
1539 4383 1688 4452 interjectio
1701 4383 1820 4436 irasceri-

162 4449 222 4488 eum
247 4450 338 4490 eorum
362 4454 414 4493 noii
431 4447 470 4495 ait
491 4445 625 4512 inparium
650 4450 740 4513 lacere
758 4453 814 4515 (1·2
841 4468 868 4520 q.
900 4457 961 4522 its,
1017 4453 1061 4506 tis.
1075 4453 1178 4506 Tertius
1187 4452 1344 4520 pradusest,
1358 4452 1466 4522 quando
1471 4457 1611 4523 peecatum
1624 4454 1740 4508 interius
1754 4467 1818 4508 eon·

162 4509 218 4606 arf).
233 4509 271 4567 t).
976 4499 1002 4562 Ῑ)
1016 4525 1121 4592 ceptum
1134 4522 1172 4577 ad
1181 4521 1303 4592 effectum
1312 4524 1482 4593 perducitur.
1495 4527 1543 4580 list
1552 4528 1641 4578 aretem
1651 4523 1760 4592 effeetus
1770 4525 1820 4579 irie

224 4573 323 4630 llattli.
336 4591 374 4633 ιιι
384 4586 411 4635 et
427 4582 509 4664 Luem
528 4597 563 4639 ιιι
583 4600 589 4637 :
605 4586 665 4639 lain
678 4591 776 4644 securis
787 4590 824 4644 ad
844 4591 962 4646 radicem
1015 4598 1201 4649 nocimentum
1212 4596 1324 4649 alterius
1340 4595 1390 4649 sub
1410 4598 1514 4650 radone
1525 4596 1659 4650 uindictae.
1673 4596 1820 4650 dliiiimam

161 4645 309 4711 ardorum,
333 4647 374 4730 iel
391 4654 512 4717 ardoris,
535 4657 626 4726 posita
644 4662 692 4739 cst.
709 4658 753 4716 Ad
775 4659 849 4717 huuc
870 4660 962 4719 locum
1016 4668 1106 4720 autem
1118 4670 1330 4721 nocimentorum
1343 4670 1393 4730 est,
1411 4667 1483 4736 quoii
1493 4669 1524 4736 fit
1542 4666 1596 4721 solo
1608 4667 1695 4720 uerbo.
1711 4669 1747 4722 Et
1759 4666 1821 4722 ideo

163 4725 284 4788 spectare
315 4719 420 4804 uidetur
439 4732 545 4794 auctor,
575 4727 724 4800 moraliter,
751 4739 781 4787 ut
814 4733 901 4801 solet,
927 4733 962 4790 ad
1016 4740 1149 4805 qnantum
1172 4737 1268 4792 adlioe
1282 4739 1366 4793 dicit:
1380 4739 1433 4806 Qui
1446 4738 1818 4805 dianitfratiisuofflatue.

162 4802 440 4874 suum-propositum
463 4798 676 4856 accommodans
702 4820 709 4857 :
734 4802 853 4859 radicem
887 4803 963 4863 enim
1016 4810 1052 4863 lli
1072 4809 1197 4878 sicpatet
1209 4808 1280 4879 quod
1296 4810 1441 4864 seeundum
1454 4809 1534 4864 addit
1554 4824 1638 4879 snpra
1649 4811 1780 4879 mimum,
1795 4812 1822 4863 et

164 4870 242 4918 vocat
252 4878 321 4946 iram
332 4872 481 4938 internam,
493 4876 522 4925 et
530 4870 558 4925 in
569 4877 678 4942 pectore
690 4872 819 4931 latentem
832 4892 839 4930 ι
856 4873 962 4933 stactus
1015 4880 1125 4934 tertiam
1138 4882 1384 4951 saprautmimqne.
1398 4880 1822 4950 Undesiprimumestpeecatum

116 4939 861 5074 ¹urreissandssaisierunt.
890 5021 962 5076 ι..
1014 4951 1130 5089 aiiii
1143 4951 1822 5078 maiitiilttiidd'i

161 5084 235 5140 reus,
259 5074 316 5156 sire
338 5051 473 5136 obnoitu's
494 5081 594 5163 indicio
608 5031 736 5145 Hebraelig
750 5060 901 5158 dicebatur,
916 5078 981 5165 qui
1015 5038 1280 5161 prorumpifiairi'em
1296 5094 1342 5165 (ut
1363 5063 1430 5164 ι’ριιι
1442 5065 1565 5178 emiosait
1588 5039 1642 5149 unq
1666 5099 1691 5162 3,
1715 5094 1753 5148 ad
1770 5038 1820 5165 3¹3,

163 5152 254 5199 morte
264 5143 441 5230 dignuserat.
453 5152 489 5206 dt
502 5152 539 5207 illi
549 5152 583 5209 de
594 5165 683 5213 morte
693 5161 825 5233 corporis,
839 5161 962 5219 Christus
1015 5165 1100 5218 multo
1115 5167 1202 5234 inopis
1215 5165 1252 5219 ad
1261 5165 1326 5219 alia.
1340 5167 1376 5220 Et
1387 5165 1567 5234 ideosinpali's
1579 5181 1669 5220 eorum
1679 5167 1823 5235 pumuntur

161 5211 196 5268 de
219 5225 308 5272 morte
327 5232 428 5301 animae
453 5221 624 5293 loquebatur.
647 5230 750 5285 Verum
767 5246 833 5286 cum
856 5241 963 5290 constet
1015 5236 1820 5306 comesparideatiaaliquapertiiieiitiaadeoiidemnationem.

161 5297 219 5364 non
240 5300 351 5343 omnem
372 5306 441 5346 iram
461 5308 521 5376 esse
542 5305 702 5379 peecatum,
718 5308 746 5356 ot
767 5309 824 5357 tam
837 5301 963 5361 Christus
1015 5307 1069 5362 Sed
1082 5309 1110 5361 iri
1119 5309 1325 5378 primoporiitur
1333 5307 1478 5376 judicium,
1490 5307 1662 5378 quodminus
1676 5312 1735 5362 est:
1753 5309 1823 5379 quia

107 5421 112 5435 ἱ
164 5368 230 5479 ipse,
246 5370 328 5426 quam
352 5362 467 5433 apostoli
485 5372 513 5420 et
531 5367 576 5421 alii
598 5383 646 5423 viri
658 5371 744 5427 sancti
766 5372 826 5428 irati
847 5372 962 5431 subinde
1016 5379 1229 5447 utAapusti‘aiis
1239 5378 1307 5433 dicit
1314 5379 1384 5443 (Lib.
1399 5379 1495 5437 deser.
1509 5384 1584 5436 bom.
1595 5381 1624 5433 in
1631 5383 1720 5435 monte
1727 5395 1749 5434 a.
1762 5381 1821 5447 abl,

175 5440 247 5483 uisse
259 5427 436 5514 legariturstit
444 5437 570 5518 superius
577 5447 719 5497 ostensum
733 5448 788 5511 cst;
800 5458 866 5499 sana
881 5443 963 5516 hujus
1016 5448 1157 5519 injudicio
1170 5450 1259 5504 adnue
1270 5450 1436 5518 defensionis
1455 5451 1525 5507 loeus
1540 5451 1636 5506 datar.
1659 5453 1689 5505 ln
1705 5449 1823 5505 secundo

163 5506 307 5579 sententiaa
324 5512 471 5629 requiritur
481 5508 656 5590 intelligentia
672 5526 746 5595 :non
762 5514 834 5596 euim
852 5517 960 5586 omnis,
1015 5533 1077 5574 uero
1088 5522 1327 5604 poniteaiisilium,
1339 5524 1368 5576 in
1380 5538 1434 5592 qao
1438 5522 1544 5594 judaee
1553 5524 1624 5577 inter
1633 5523 1821 5604 socrasancti,

161 5582 208 5720 iil
223 5573 961 5731 trististristis.attritis'iili
1015 5591 1824 5735 ittttittdttiidtitiititdllltltt

163 5720 297 5784 irascitur,
313 5723 340 5772 et
358 5725 395 5774 ita
414 5720 546 5802 appellat,
562 5730 593 5779 ut
606 5733 729 5806 ⁸mortem
746 5727 785 5793 ei,
806 5727 847 5786 iel
860 5744 962 5801 quam·
1017 5732 1081 5804 (22
1096 5751 1124 5808 q.
1141 5737 1202 5807 158,
1218 5741 1271 5792 art.
1287 5741 1315 5806 5,
1327 5737 1364 5792 ad
1375 5735 1412 5809 5).
1475 5723 1477 5727 ’

162 5795 281 5858 cumque
302 5802 412 5861 graiuu
425 5789 576 5864 laesionem,
590 5811 645 5853 sive
667 5795 794 5870 injuriam
810 5808 899 5881 optet,
915 5810 962 5861 aut
