3848 6158
141 274 208 331 leot

606 263 775 323 coctano
793 264 887 322 xxrv.
903 291 941 305 -
959 252 1004 319 nn
1021 260 1325 320 noartrtoanona.

1723 263 1792 320 1306

139 393 341 457 convertendos
353 393 423 452 alios
437 404 466 450 et
479 390 627 467 regendos,
642 391 787 449 diabolicis
804 388 941 449 illusioni·
954 393 981 456 Α
995 386 1141 445 tudinibus
1158 387 1301 455 adhibere,
1316 386 1369 442 uisi
1387 399 1452 442 eum
1471 384 1519 458 qui
1536 384 1607 458 ipsas
1625 383 1788 443 morborum

139 493 192 550 bus
206 490 384 562 instigantem
405 488 509 562 quique
528 485 636 545 etiamsi
650 487 794 560 potuerint
805 483 873 542 lucri
886 483 940 540 ali-

138 584 204 659 quid
217 599 251 640 ea
264 580 455 655 quorumdam
468 580 648 638 conversione
661 579 833 652 conquirere,
847 577 939 650 impa-

139 677 236 734 tientia
268 691 318 732 sua
347 682 429 747 atque
464 672 614 730 inconditis
648 670 773 728 moribus
808 667 940 743 quidquid

140 767 318 842 acquisierint
328 764 457 839 perdunt.
471 764 541 823 lllud
553 779 672 837 namque
685 763 724 820 cis
734 762 808 837 quod
823 767 940 836 Aggasus

995 482 1114 557 origines
1127 490 1191 540 ante
1206 479 1373 553 praedirerit.

1291 572 1413 631 CAPUT
1433 574 1496 629 XV.

1118 670 1262 740 Responsio
1273 668 1307 723 de
1321 669 1462 738 tripartito
1474 667 1573 721 arrlmoe
1584 670 1666 720 motu.

1029 760 1170 818 Abraham
1193 779 1199 816 :
1222 759 1359 818 Omnium
1379 758 1510 817 vitiorum
1532 773 1604 816 unus
1623 757 1687 814 tons
1707 765 1790 830 atque

140 860 274 933 propheta
287 857 430 927 describit,
440 857 567 915 eveniet:
580 861 615 914 st
628 859 678 928 qui
689 856 823 912 mercedes
836 869 941 924 conare
993 855 1159 928 principium
1175 863 1232 925 cst3
1247 852 1400 912 meandum
1414 852 1572 927 qualitatem
1586 867 1649 909 vero
1664 852 1750 925 partis
1763 852 1792 909 il·

141 960 199 1024 pot,
209 955 299 1009 mittet
310 967 353 1008 ecs
365 955 395 1008 in
408 953 541 1009 εαεειιιιιηι
552 955 694 1023 pmtnsnm
705 949 937 1020 (acquisivere
993 950 1056 1020 lius,
1068 959 1096 1008 et
1108 956 1149 1019 (ut
1158 952 1196 1008 ita
1207 951 1336 1024 dixerim)
1348 949 1468 1007 membri
1481 948 1592 1023 quodin
1604 950 1698 1006 auimo
1711 947 1791 1005 luerit

141 1046 217 1104 enim
239 1047 315 1103 lucra
330 1061 380 1102 suu
400 1045 427 1101 in
446 1054 588 1119 pertusum
603 1043 743 1101 sacculum
763 1041 869 1108 condit,
893 1039 939 1113 qui
993 1044 1134 1113 vicimum,
1159 1044 1266 1102 diversa
1293 1043 1423 1101 vocabula
1448 1043 1607 1116 passionum
1632 1040 1788 1115 corruptio-

140 1141 274 1216 quidquid
293 1158 341 1215 per
361 1141 476 1199 aliorum
496 1139 702 1198 conversionem
717 1137 823 1195 videtur
845 1133 940 1207 acqui·
992 1153 1118 1212 numque
1127 1139 1250 1195 sonitus.
1263 1138 1345 1208 Quod
1355 1152 1569 1211 nonnumquam
1579 1137 1664 1195 etiam
1676 1136 1790 1193 morbo·

138 1251 209 1304 rere,
231 1236 443 1307 intemperantia
457 1234 547 1293 cordis
561 1234 614 1300 sui,
638 1242 666 1291 et
679 1231 838 1305 quotidiana
855 1229 938 1286 animi
992 1247 1056 1288 rum
1078 1231 1268 1305 corporalium
1282 1229 1415 1303 probatur
1434 1230 1570 1301 exemplo,
1591 1245 1710 1301 quorum
1723 1243 1788 1285 cum

139 1328 306 1388 distentione
324 1328 467 1402 disperdit.
488 1333 584 1402 ltaque
599 1328 657 1394 tiet,
679 1334 710 1384 ut
730 1326 799 1384 dum
813 1324 939 1382 uberiora
993 1340 1047 1384 una
1059 1325 1095 1382 sit
1105 1339 1198 1393 causa,
1211 1325 1242 1380 in
1253 1323 1361 1379 diversa
1372 1328 1467 1378 mmen
1480 1320 1679 1394 aegritudinum
1690 1335 1792 1394 genera

138 1422 214 1481 lucra
234 1439 283 1495 per
302 1424 419 1481 aliorum
439 1423 559 1481 creduut
578 1421 773 1479 institutionem
791 1433 887 1491 parare
911 1432 940 1475 se
993 1437 1043 1496 pro
1067 1421 1200 1494 qualitate
1220 1419 1411 1476 membrorum
1436 1433 1499 1491 quae
1521 1416 1623 1475 fuerim
1645 1426 1790 1490 occupata,

137 1532 227 1589 posse,
243 1518 328 1575 etiam
341 1533 390 1576 suu
403 1517 573 1575 correctione
587 1516 738 1589 priventur.
752 1524 765 1552 ⁸
780 1511 938 1571 Suntenim
993 1513 1182 1587 distinguitur.
1202 1512 1314 1569 Etenim
1335 1527 1402 1568 cum
1422 1525 1513 1568 arcem
1533 1511 1666 1582 corporis,
1687 1511 1715 1567 id
1735 1518 1788 1580 est,
1865 1570 1876 1581 η

138 1611 185 1683 qui
203 1625 232 1666 se
245 1611 342 1667 divites
356 1610 460 1679 lerunt,
483 1611 553 1667 nibil
568 1609 710 1677 habentes,
726 1617 753 1664 et
766 1615 833 1665 sunt
846 1605 893 1678 qui
909 1620 938 1661 se
993 1617 1084 1681 caput,
1106 1607 1147 1663 vis
1167 1606 1242 1664 nonii
1262 1605 1386 1663 humoris
1409 1603 1559 1673 obsederit,
1583 1613 1594 1640 ⁶
1614 1601 1790 1677 cephalalgia

138 1702 283 1760 humiliant
296 1702 324 1757 in
338 1702 432 1758 multis
449 1701 552 1757 divitiis
568 1704 662 1771 (Pron.
676 1704 759 1767 xrrr),
777 1708 805 1756 et
818 1693 832 1730 λ
846 1696 941 1754 Melior
993 1710 1121 1774 procreat
1136 1702 1306 1774 passionem3
1324 1715 1388 1757 cum
1406 1715 1471 1757 vero
1489 1713 1568 1755 aures
1582 1698 1709 1755 oculosve
1731 1713 1793 1770 per·

137 1805 179 1854 est
192 1795 233 1851 rir
247 1795 276 1851 in
290 1794 463 1868 ignobilitate
477 1792 597 1851 serviens
608 1793 673 1861 sibi,
687 1807 772 1865 quam
784 1791 831 1865 qui
843 1790 937 1865 digni·
951 1794 976 1858 Β
991 1795 1102 1864 vaserit,
1117 1782 1131 1827 ‘¹
1151 1795 1180 1850 in
1196 1794 1358 1867 otalgicum,
1373 1792 1429 1850 sire
1441 1792 1470 1849 in
1483 1790 1704 1865 ophthalmicum
1722 1806 1787 1847 rer·
1825 1865 1831 1872 ·

138 1895 225 1947 tatem
239 1889 290 1946 sibi
304 1888 432 1961 acquirit,
444 1895 473 1942 ct
489 1885 594 1959 indiget
610 1900 677 1957 panc
692 1884 779 1957 (Pron.
793 1888 865 1952 ιιιι).

432 2024 552 2083 CAPUT
573 2027 642 2083 xlv.

137 2156 327 2224 interropotio,
348 2153 419 2209 ιιιιαε
438 2154 515 2209 nobis
534 2154 631 2208 taliam
651 2154 842 2223 capitationem
860 2167 939 2207 error

458 2226 620 2295 irrepserit?

174 2353 329 2412 Germanus
343 2371 350 2407 ε
365 2353 435 2410 Satis
449 2367 571 2426 congrum
590 2352 673 2409 nobis
687 2351 938 2425 comparationibus

136 2446 287 2521 disputatio
305 2455 352 2504 tua
364 2447 567 2520 cogitationum
578 2454 736 2504 nostrarum
749 2444 937 2503 manifestavit

138 2556 255 2609 errores,
271 2556 390 2613 quorum
411 2556 505 2598 causae
520 2549 548 2597 et
565 2542 723 2598 curationes
737 2541 866 2597 similiter
886 2555 938 2613 op-

137 2641 229 2692 tamus
249 2649 412 2709 agnoscere,
436 2643 463 2691 et
477 2632 553 2691 unde
574 2633 706 2692 acciderit
725 2633 866 2690 nobisista
888 2633 939 2689 de-

136 2728 235 2801 ceptio,
248 2728 350 2800 pariter
359 2728 485 2801 cupimus
495 2726 615 2785 edoceri.
627 2727 701 2786 Nulli
713 2727 813 2785 etenim
823 2726 937 2784 dubium

137 2829 178 2876 est
191 2822 331 2878 neminem
351 2820 503 2878 admodum
524 2838 604 2892 posse
625 2822 745 2878 remedia
767 2821 847 2877 malis
861 2821 937 2877 tale-

991 1887 1060 1945 titur
1082 1888 1214 1945 morbum
1240 1905 1247 1945 :
1271 1903 1335 1945 cum
1358 1902 1387 1944 se
1410 1887 1438 1943 in
1461 1886 1590 1944 articulos
1607 1899 1731 1958 quosque
1751 1883 1787 1941 ad

990 1998 1125 2040 manuum
1156 2000 1267 2041 summa
1300 1980 1494 2051 transfuderit,
1523 1980 1677 2038 articularis
1707 1986 1788 2052 atque

992 2085 1004 2115 ⁸
1017 2077 1167 2151 chiragrica
1181 2076 1282 2136 dicitur
1294 2078 1421 2136 valetudo
1438 2091 1522 2134 :cum
1535 2083 1629 2133 autem
1639 2074 1674 2132 ad
1686 2072 1788 2148 pedum

992 2169 1049 2226 ima
1062 2169 1219 2240 deduxerit,
1235 2164 1245 2204 ¹
1262 2170 1383 2245 podagra
1402 2178 1507 2228 mutato
1522 2168 1636 2227 nomine
1648 2182 1789 2240 nuncupa-

991 2270 1037 2320 tur
1052 2283 1058 2319 :
1074 2270 1170 2336 totque
1184 2265 1322 2322 vocabulis
1334 2280 1388 2321 una
1402 2272 1485 2336 atquc
1494 2261 1591 2320 eadem
1601 2260 1674 2318 noxii
1686 2260 1787 2316 bumo-

991 2354 1032 2412 ris
1055 2357 1133 2430 origo
1161 2355 1350 2429 distinguitur,
1377 2361 1445 2428 quot
1467 2354 1659 2413 membrorum
1691 2352 1792 2426 ceperit

991 2448 1143 2520 portiones.
1160 2447 1268 2503 Eodem
1284 2446 1369 2502 modo
1383 2446 1418 2502 de
1432 2446 1581 2502 visibilibus
1595 2443 1630 2501 ad
1643 2445 1786 2501 invisibilia

992 2548 1180 2606 transeuntes,
1200 2541 1303 2597 animae
1318 2547 1421 2597 nostra
1434 2538 1568 2611 partibus,
1588 2546 1671 2612 atque
1691 2542 1731 2605 (ut
1750 2536 1791 2594 ita

992 2632 1122 2707 dixerim)
1144 2634 1277 2691 membris
1294 2635 1351 2691 rim
1368 2635 1499 2708 cuiusque
1511 2632 1576 2690 vitii¹
1587 2632 1674 2690 inesse
1689 2629 1788 2689 creda-

993 2742 1064 2784 mus.
1089 2729 1181 2798 Quam
1202 2745 1266 2787 cum
1289 2728 1482 2802 sapientissimi
1497 2729 1596 2801 quique
1615 2736 1628 2772 ⁸
1645 2727 1788 2801 tripartitae

993 2818 1125 2878 deliniant
1144 2838 1204 2880 esse
1218 2823 1337 2891 rimulis,
1358 2838 1468 2880 neeesse
1487 2830 1528 2879 est
1542 2829 1572 2879 ut
1586 2829 1632 2878 aut
1645 2816 1658 2853 ¹¹
1675 2820 1789 2891 λογικόν,

680 2946 809 2999 annunt
829 2940 1242 3008 GtzAEt'coblllEltTnltlUS.

173 3064 186 3091 ⁸
197 3056 311 3129 Vulgata
319 3055 400 3112 editio
413 3061 480 3114 :Est
492 3062 571 3127 qnasi
580 3059 664 3122 diem,
673 3074 732 3113 cum
741 3059 812 3113 nibil
821 3060 936 3127 habeat;

138 3131 163 3182 et
174 3132 213 3182 est
224 3131 306 3198 quasi
317 3144 434 3198 pauper,
448 3145 509 3184 cum
523 3131 552 3183 in
565 3130 657 3184 moltis
669 3130 774 3184 diuitiis
789 3133 834 3184 sit.

172 3199 185 3233 Β
200 3200 303 3254 Textus
313 3200 386 3272 vulg.
402 3218 408 3254 :
424 3200 519 3256 Melior
532 3203 683 3271 cstpanper
695 3205 720 3255 et
731 3201 863 3268 mittemus
873 3201 936 3264 sabi,

137 3284 220 3338 quam
239 3271 370 3338 gloriosos
391 3274 416 3325 et
436 3271 561 3339 indipens
581 3287 660 3341 panc.
677 3270 759 3340 Quod
773 3272 812 3327 sic
826 3271 937 3341 exponit

136 3338 212 3395 Beda
228 3360 234 3395 :
251 3342 344 3396 Melior
355 3346 395 3397 est
405 3341 501 3404 idiota,
515 3346 540 3397 et
555 3344 668 3412 simplex
680 3344 779 3407 idiota,
793 3345 852 3412 qui,
870 3345 937 3397 bono

993 3071 1043 3127 est,
1057 3064 1127 3120 iram
1139 3074 1166 3121 et
1175 3067 1353 3138 cupiditatem
1366 3066 1438 3137 bigae
1449 3063 1638 3147 comparabam
1652 3063 1788 3145 rationem

992 3141 1084 3189 autem
1105 3136 1164 3192 auri
1184 3151 1218 3192 tc.
1242 3136 1421 3193 Aristotelem
1438 3145 1525 3193 secuti
1548 3143 1654 3191 veteres
1667 3133 1788 3205 theologi

992 3204 1047 3260 Grc
1066 3205 1141 3262 orius
1180 3222 1306 3280 yssenus,
1321 3215 1350 3263 et
1360 3209 1481 3264 ioannes
1494 3208 1689 3271 Damascenus,
1703 3214 1732 3262 et
1744 3219 1787 3262 se·

1064 3290 1112 3330 um
1124 3290 1173 3337 eos
1187 3280 1215 3331 S.
1229 3279 1361 3344 Thomas,
1377 3286 1479 3346 praeter
1490 3277 1654 3331 rationalem
1668 3284 1695 3329 et
1708 3290 1789 3343 supe·

990 3343 1093 3401 riorem
1114 3346 1216 3401 animae
1239 3354 1355 3416 purtem,
1381 3359 1444 3416 qum
1466 3345 1572 3399 ratione
1594 3352 1622 3399 et
1647 3344 1786 3400 voluntate

137 3426 197 3481 pne
210 3414 513 3483 nocitoperans,uitam
524 3415 769 3476 meriturincoelis,
783 3415 934 3484 qrtamqni,
991 3424 1110 3487 constat,
1133 3414 1272 3487 duplicem
1295 3415 1324 3470 in
1345 3414 1454 3470 bomine
1477 3421 1586 3541 genunt
1606 3414 1757 3486 appetitum
1779 3432 1786 3470 ι

136 3482 225 3537 clama
232 3483 380 3538 eruditione
389 3485 594 3555 scripturorum
601 3485 729 3541 ueletiam
737 3485 851 3539 doctoris
860 3487 936 3552 surro-
952 3486 974 3551 c
990 3486 1104 3543 alterum
1122 3502 1204 3558 quem
1215 3494 1312 3542 vocant
1326 3485 1479 3557 concupisci
1500 3485 1577 3552 ilem,
1589 3485 1707 3540 alterum
1722 3484 1789 3542 iras·

137 3555 181 3607 tus
193 3554 286 3620 officio,
298 3555 401 3625 indiqet
408 3571 479 3626 pane
491 3556 651 3619 dilectionis,
663 3557 694 3611 id
705 3561 744 3611 est
755 3556 897 3612 ctoritate.

173 3632 183 3659 ⁰
195 3625 368 3698 cephalalgia
381 3624 459 3682 dolor
471 3626 570 3698 cupitis
580 3634 641 3682 est:
656 3623 751 3698 κεφαλὴ
764 3627 837 3682 enim
852 3633 937 3699 caput

989 3556 1101 3613 cibilcm
1116 3559 1213 3629 (Arist.
1228 3573 1237 3613 ι
1251 3559 1343 3620 Porta,
1353 3560 1433 3626 oreo.
1445 3560 1524 3627 Nysa.
1541 3557 1587 3611 lib.
1601 3570 1633 3611 tv
1648 3558 1748 3612 Piilos.
1760 3573 1783 3612 c.

989 3632 1035 3695 81,
1051 3634 1175 3685 Damaso.
1197 3629 1244 3683 lib.
1268 3643 1291 3684 ιι
1310 3629 1537 3684 distentionis.
1559 3633 1600 3693 tt,
1615 3629 1643 3684 S.
1667 3630 1758 3683 Thom.
1775 3643 1786 3684 1

136 3690 247 3761 dicitur;
263 3694 357 3766 alpia,
368 3696 457 3752 doleo.
474 3697 637 3754 Aristoteles
651 3697 677 3753 in
690 3697 910 3754 problematibus
928 3715 935 3751 :
987 3705 1063 3768 port.
1079 3718 1106 3770 q.
1120 3705 1151 3754 81
1165 3703 1217 3754 ort.
1233 3704 1286 3754 tet
1301 3701 1336 3765 3).
1350 3699 1401 3768 Qui
1416 3699 1528 3770 quidem
1541 3698 1592 3753 etsi
1604 3698 1708 3753 bomini
1721 3713 1785 3753 cum

136 3764 302 3837 κεφαλαλγίαι,
317 3767 347 3820 τὸ
361 3767 468 3837 κεφαλῆς
479 3766 593 3838 ἄλγημα.

172 3836 233 3891 lln
255 3839 408 3905 otalgicum,
430 3853 461 3891 ex
476 3838 617 3892 Vaticanis
636 3837 758 3893 restituit
778 3836 932 3904 Ciaconius,

136 3905 165 3959 iu
180 3904 300 3960 editione
314 3906 396 3961 etiam
412 3904 580 3961 Plautinianu
595 3905 742 3974 omissum,
758 3906 831 3977 quod
845 3915 874 3961 et
888 3924 932 3963 ra·

136 3974 174 4031 tio
189 3983 217 4030 et
230 3983 318 4031 textus
330 3976 488 4048 erigebant,
502 3984 530 4032 et
542 3975 690 4049 Dionysius
701 3977 786 4032 etium
799 3991 855 4032 non
866 3977 936 4032 omi-

136 4045 181 4113 sit,
204 4061 267 4101 oum
283 4045 319 4102 de
342 4046 453 4103 auribus
473 4046 613 4118 oculisque
633 4045 704 4102 iacta
723 4055 797 4103 esset
817 4048 930 4103 mentio.

135 4118 206 4173 Nara
230 4117 364 4189 otalgicus
385 4118 498 4173 morbus
516 4118 551 4174 ad
570 4134 661 4186 aures,
677 4117 883 4190 ophthalmicus
898 4118 934 4174 ad

136 4188 231 4243 oculos
246 4196 358 4259 spectat.
376 4191 423 4244 Est
435 4189 507 4244 enim
522 4189 654 4283 otalgicns
668 4189 792 4256 morbus,
808 4188 854 4260 qui
867 4190 935 4244 auri-

137 4257 188 4314 bus
208 4259 331 4314 dolorem
356 4258 449 4315 affert.
476 4261 546 4314 Naar
568 4279 622 4313 arc
643 4275 724 4316 aures
744 4266 822 4325 sunt,
849 4257 934 4329 ἀλγίω

135 4328 216 4386 doleo
231 4349 237 4384 :
253 4329 319 4386 inde
333 4330 481 4401 ὠταλγικός.
496 4330 705 4404 ophthalmicus
718 4347 791 4401 vero,
807 4330 932 4399 morbus,

136 4414 185 4457 seu
198 4399 279 4455 dolor
293 4400 447 4458 oculorum.

171 4468 327 4552 {Chirogra
344 4470 424 4528 dolor
436 4487 581 4540 manarum,
600 4472 646 4556 qui
665 4480 694 4529 et
708 4473 821 4529 morbus
832 4473 936 4529 articu-

136 4541 202 4597 laris
217 4541 328 4610 dicitur,
349 4542 421 4613 quod
437 4560 551 4600 manum
566 4543 694 4600 articulos
712 4543 832 4601 infestet.
850 4544 934 4601 Unde

136 4611 210 4667 chira
231 4628 261 4668 er
274 4614 315 4669 vel
330 4613 510 4687 chiragricus,
526 4615 572 4686 qui
587 4614 741 4687 chiragram
756 4615 868 4687 patitur.

169 4628 309 4764 saforbus
324 4686 425 4756 pedum
443 4684 509 4741 satis
523 4693 615 4754 notus,
630 4700 709 4742 senes
726 4694 774 4742 aut
787 4686 885 4743 divites
907 4694 934 4741 et

137 4760 241 4808 otiosos
260 4757 395 4827 praecipue
415 4757 559 4825 infestans,
574 4765 600 4811 et
618 4756 759 4813 curatione
779 4754 932 4814 admodum

136 4821 265 4879 diflicilia.
280 4828 361 4882 Unde
376 4827 491 4885 Ovidius
507 4843 533 4885 ιι
548 4828 581 4882 de
595 4831 681 4884 Ponto
697 4847 703 4882 ι

231 4929 330 4980 Solvere
346 4932 465 4981 boriosam
478 4932 554 4983 nescit
570 4932 687 4983 merlieina
698 4930 838 4996 podagram.

990 3771 1077 3825 brutis
1092 3785 1255 3826 communes
1269 3771 1332 3833 sint,
1355 3770 1474 3825 multum
1493 3777 1586 3824 tamen
1601 3767 1737 3823 diiierunt
1756 3769 1783 3824 in

991 3839 1103 3897 hornine
1116 3842 1183 3896 etin
1198 3841 1295 3896 brutis.
1308 3840 1451 3924 Siquidem
1465 3841 1492 3896 in
1505 3839 1619 3896 homine
1633 3838 1684 3894 etsi
1698 3853 1744 3911 per
1757 3854 1787 3895 se

989 3912 1138 3967 rationales
1154 3926 1210 3966 non
1225 3912 1291 3977 sint,
1307 3911 1407 3968 rationi
1423 3920 1516 3967 tamen
1530 3911 1733 3980 obtemperant,
1756 3918 1785 3966 et

989 3980 1023 4036 ab
1036 3998 1066 4037 ea
1079 3983 1134 4052 regi
1149 3990 1265 4052 possunt
1277 3991 1306 4036 et
1319 3982 1432 4048 debent,
1443 3997 1498 4037 non
1510 3981 1621 4052 quidem
1633 3981 1785 4054 despotico,

988 4059 1022 4106 ut
1036 4050 1076 4106 illi
1089 4051 1249 4121 loquuntur,
1262 4060 1289 4105 ct
1300 4050 1426 4106 absoluto
1438 4049 1595 4114 dominatu,
1611 4051 1658 4106 sed
1674 4051 1785 4123 politico

990 4129 1016 4177 et
1029 4122 1111 4178 civili.
1129 4122 1221 4191 Quare
1233 4121 1298 4176 vitia
1313 4136 1375 4193 quae
1388 4121 1432 4176 hic
1447 4124 1552 4177 Auctor
1566 4121 1667 4176 eisdem
1681 4122 1787 4189 tribuit,

989 4208 1045 4247 non
1057 4201 1115 4248 tam
1127 4193 1189 4248 vitia
1201 4190 1314 4248 dicenda
1324 4200 1400 4258 sunt,
1412 4208 1495 4264 quana
1509 4193 1646 4247 naturales
1657 4193 1785 4262 qnaedam

990 4265 1134 4335 passiones
1153 4270 1202 4319 aut
1222 4264 1425 4330 inclinationes,
1446 4261 1545 4335 quibus
1562 4262 1631 4318 bene
1655 4262 1693 4318 vel
1714 4265 1786 4320 mole

989 4334 1027 4390 uti
1042 4350 1198 4407 possumus,
1215 4334 1265 4390 nisi
1282 4344 1416 4407 quatenus
1431 4335 1471 4390 vel
1492 4333 1588 4389 rationi
1604 4334 1786 4401 recalcitrant,

989 4413 1038 4461 aut
1056 4421 1116 4462 eam
1131 4405 1164 4460 ad
1180 4420 1229 4461 sua
1244 4405 1350 4479 objecta
1365 4405 1473 4477 oblique
1488 4405 1611 4462 trahunt.
1627 4405 1681 4462 Sed
1694 4405 1728 4463 dc
1744 4405 1786 4463 bis

990 4475 1050 4533 vide
1064 4480 1092 4533 S.
1109 4477 1244 4532 Thomam
1262 4483 1303 4533 tu
1319 4493 1346 4548 q.
1363 4483 1397 4533 22
1410 4484 1509 4548 etseq.

1025 4541 1229 4619 hTripartitam
1245 4548 1345 4605 animat
1364 4548 1508 4605 rationalis
1528 4547 1659 4603 virtutem
1674 4561 1722 4602 seu
1744 4544 1787 4602 ia-

990 4618 1121 4675 culta'tem
1142 4619 1288 4675 ciaconius
1306 4620 1403 4676 Graece
1416 4621 1443 4676 in
1457 4617 1594 4674 Vaticanis
1611 4617 1674 4673 cod.
1691 4617 1726 4671 ita
1741 4616 1785 4671 in-

989 4698 1098 4745 ventam
1114 4690 1246 4762 reposuit.
1259 4694 1348 4764 Quem
1360 4690 1477 4745 libenter
1488 4687 1574 4743 secuti
1586 4702 1693 4751 sumus,
1704 4694 1785 4758 atque

990 4775 1022 4816 eo
1039 4761 1169 4816 libentius
1183 4759 1257 4831 quod
1272 4764 1306 4815 l).
1321 4761 1509 4832 Hieronymus
1520 4757 1630 4814 easdem
1642 4756 1786 4814 facultates

989 4846 1037 4887 seu
1048 4831 1186 4903 potentias
1197 4830 1302 4896 (addita
1312 4838 1402 4885 tamon
1414 4834 1522 4901 quarta)
1535 4827 1635 4885 iisdem
1648 4828 1785 4885 vocabulis

948 4880 974 4942 D
988 4902 1093 4958 Graccis
1108 4917 1248 4973 expressas
1261 4901 1409 4972 reliquerit,
1429 4901 1496 4957 dum
1510 4901 1579 4955 iuter
1593 4900 1659 4956 alias
1673 4900 1786 4972 esposi-

986 4973 1072 5029 tiones
1086 4981 1204 5045 quatuor
1222 4972 1383 5027 animalium
1398 4972 1469 5043 apud
1486 4971 1656 5028 Ezechielem
1671 4973 1719 5040 (Co
1741 5013 1747 5025 .
1762 4971 1787 5040 1)

134 5037 274 5120 Podapra,
296 5036 387 5109 inquit
401 5037 504 5094 Plinius
521 5040 590 5104 (lto.
612 5055 687 5096 xxva
708 5056 730 5094 c.
754 5046 807 5107 lo),
823 5042 931 5097 morbos
986 5058 1001 5099 a
1031 5043 1143 5100 diversis
1168 5043 1327 5099 auctoribus
1348 5043 1472 5110 traditas,
1496 5043 1566 5099 banc
1587 5043 1668 5099 etiam
1689 4988 1782 5098 refert.

131 5123 292 5178 peregrinus
303 5114 351 5164 est.
363 5111 467 5166 Nomai
478 5111 568 5164 Italiae
579 5112 677 5177 suisset
687 5114 848 5181 ontiqrtitas,
860 5114 932 5169 letti·
987 5116 1110 5184 Plerique
1112 5116 1196 5184 justa
1202 5116 1580 5170 Platoncmrotionoleoraimoe
1587 5119 1612 5168 ct
1618 5114 1784 5167 irascitivum

133 5193 199 5232 num
210 5194 304 5234 nomen
315 5182 464 5236 interisset.
477 5183 536 5236 Non
545 5184 614 5235 onim
627 5185 719 5249 Roma,
731 5184 930 5247 cumsttdando,
986 5191 1012 5241 et
1021 5188 1261 5258 conmtpt'scitionm,
1273 5186 1344 5255 quod
1354 5187 1399 5240 ille
1408 5185 1511 5256 λογικόν
1521 5190 1547 5240 ct
1557 5184 1658 5255 topasio
1671 5187 1696 5237 et
1705 5181 1784 5235 taito-

132 5252 158 5304 et
168 5249 325 5313 laborando,
334 5256 359 5306 et
368 5255 438 5307 eires
449 5253 603 5315 coercendo,
614 5253 729 5308 homines
739 5256 874 5318 eluebant,
884 5255 932 5310 hoc

987 5256 1784 5328 parisiseocot,odhominemctlconemocoitalumrescmtntr

131 5320 234 5375 malum
245 5326 365 5389 capnonit
378 5324 459 5393 (Vide
469 5325 620 5380 cassiodor.
637 5326 704 5379 Vos.
717 5325 735 5379 l.
750 5340 770 5380 x
783 5328 862 5396 epist.
878 5331 930 5394 293
986 5331 1130 5393 rationem,
1138 5334 1163 5384 et
1171 5330 1354 5398 eoqnitionem,
1361 5332 1386 5382 et
1393 5334 1515 5390 mentem,
1524 5331 1549 5381 ct
1556 5327 1706 5388 consilium,
1714 5341 1784 5380 eont-

131 5390 351 5472 adsidendum
367 5396 445 5463 epist.
462 5401 505 5461 ta,
521 5401 547 5450 et
560 5397 579 5450 l.
594 5410 613 5450 x
627 5397 705 5466 epist.
722 5398 777 5465 ιθ).
795 5402 829 5454 ll.
845 5398 931 5453 etiam
986 5399 1785 5471 dernqtteuirtutemotqucsapientiamincerebriarceponen-

132 5461 316 5534 Hieronymus
345 5478 372 5516 nr
393 5465 497 5521 morbis
524 5476 552 5522 et
575 5466 760 5523 incommodis
781 5470 931 5525 senectutis

987 5475 1024 5526 tes
1036 5490 1043 5525 :
1054 5474 1191 5539 semidiem
1202 5487 1273 5533 uero,
1282 5476 1308 5526 ot
1316 5471 1489 5525 iracundiam
1499 5474 1580 5539 atquc
1588 5470 1743 5522 uiolentiam
1754 5470 1783 5522 in

131 5532 280 5605 podagram
301 5540 427 5590 recenset
442 5538 563 5601 (Prooem.
580 5539 627 5592 lib.
642 5552 669 5594 lt
690 5539 762 5594 Gom.
777 5541 807 5593 in
824 5540 929 5613 Amos),
956 5574 965 5592 ‚
986 5542 1068 5606 leone,
1087 5557 1148 5612 quea
1161 5544 1288 5597 conmstot
1299 5545 1328 5596 in
1342 5543 1420 5611 selle3
1432 5557 1513 5612 porro
1535 5540 1681 5603 libidinem,
1698 5540 1777 5595 lunu-

132 5611 161 5660 ut
177 5604 290 5659 Aristot.
304 5602 352 5659 lib.
368 5617 429 5660 vm
441 5605 562 5662 Animal.
576 5624 637 5680 cap.
653 5613 699 5665 22.

985 5616 1056 5667 mam
1071 5617 1096 5667 et
1117 5615 1236 5667 omittam
1249 5614 1417 5683 uoluptatum
1431 5614 1584 5683 cupidinem
1598 5614 1627 5666 in
1637 5611 1735 5681 jecore,
1752 5611 1781 5664 id

166 5676 371 5745 ⁸Ppthaqoras.
384 5682 454 5732 teste
465 5675 559 5743 Suida,
572 5680 687 5734 hominis
697 5682 818 5736 animam
831 5682 861 5735 in
876 5685 931 5737 tres
985 5687 1034 5747 est,
1045 5686 1074 5737 in
1083 5685 1178 5747 vitello,
1194 5686 1242 5754 qui
1255 5688 1334 5738 terrae
1347 5684 1471 5754 operibm
1484 5685 1620 5739 intereat.
1636 5684 1783 5750 Quartam·

169 5750 223 5800 rtes
239 5747 328 5801 diuidi
341 5748 425 5810 dict,
443 5750 512 5812 vote,
528 5751 625 5818 perede,
641 5751 682 5803 καὶ
696 5752 784 5821 θυμόν.
809 5751 886 5808 Plato
902 5752 930 5808 in
984 5760 1152 5824 qucponuct,
1161 5769 1221 5824 qna
1230 5770 1310 5893 ειχιεν
1319 5756 1383 5820 luae,
1396 5759 1420 5810 et
1427 5760 1506 5810 estro
1514 5756 1570 5810 bac
1578 5757 1686 5819 tricast,
1695 5765 1781 5821 quam

127 5760 236 5873 λῗιιιωο
250 5815 318 5874 duas
328 5816 429 5875 animae
442 5816 585 5877 facultates
598 5821 711 5878 rationis
723 5830 862 5897 expertes,
879 5823 931 5880 boc
985 5827 1073 5886 (irael
1083 5833 1178 5882 uocarat
1191 5845 1250 5879 συντ

1268 5845 1348 5898 parto,
1364 5842 1425 5898 quoe
1438 5828 1557 5884 scintilla
1572 5823 1736 5881 conscicntia
1751 5822 1780 5875 in
