3848 6158
144 208 209 273 teti
481 282 497 307 ⁰
540 206 710 265 tonnano
728 206 809 263 xxti.
828 235 865 248 -
883 206 928 263 DE
946 204 1140 267 nastensis
1158 210 1397 273 ttnustuuruus.
1730 228 1798 289 iffi

141 338 210 397 vitio
221 336 321 395 debere
339 331 460 407 purgari,
475 331 540 405 quia
552 331 610 391 suis
619 329 869 405 perturbationibus
882 346 946 387 nos·
959 336 984 398 Α
997 331 1162 406 philargyria
1182 351 1258 407 rero,
1268 338 1416 397 cenodoxia
1439 350 1522 415 atque
1540 347 1677 419 superbia,
1694 359 1721 407 et
1735 369 1798 411 orn·

139 442 215 493 aum
235 440 349 503 occupet
363 443 485 497 sensum,
504 426 553 485 sed
573 427 636 499 quia
654 432 813 483 caumatum
835 426 942 483 nonsit
996 426 1072 482 mum
1085 429 1232 489 multitudo
1245 432 1375 490 vitiorum
1388 435 1665 501 individuasocietate
1675 449 1796 521 iungun-

136 527 230 586 solum
244 525 348 598 absque
363 523 482 579 aliorum
505 519 645 577 consortio
665 518 812 587 dominari,
827 516 876 574 sed
900 517 940 573 in·
989 527 1056 611 tur3
1072 530 1153 595 atque
1171 525 1209 582 ita
1229 529 1444 600 unumquodque
1465 532 1587 604 vitium,
1606 537 1628 593 si
1653 540 1741 613 rigere
1768 546 1797 601 in

138 618 268 678 numism
289 616 415 674 omniurn
429 614 558 671 ritionrm
576 613 678 671 diriore
701 613 828 687 collegio,
844 609 940 667 subdi·
994 614 1074 672 nobis
1087 616 1128 673 rel
1142 618 1233 677 solum
1248 623 1373 696 eoeperit,
1392 624 1472 680 eiiam
1492 629 1600 685 rutenis
1618 637 1739 706 suggerit
1752 638 1797 693 in·

138 711 261 771 tamsibi
274 718 395 767 mentem
414 708 591 780 multiplicata
608 707 764 780 captivitate
780 704 938 778 populetur.
996 716 1145 765 memento.

137 815 153 845 ⁸
167 808 202 862 lit
222 804 324 863 idcirco
339 802 527 877 gastrimargia
543 800 677 859 vincenda
690 809 742 867 est,
758 812 815 857 nou
831 808 941 871 propter
1305 809 1426 867 CAPUT
1445 813 1493 867 lv,

104 924 114 945 κ
140 907 300 968 sumntum,
320 913 355 955 ae
373 896 478 955 seilicet
496 906 612 954 onerosa
635 910 687 953 nos
705 895 853 951 voracitate
876 909 941 950 aor-
1010 907 1187 977 mmmm
1214 926 1251 965 a„
1274 912 1312 967 ag
1340 920 1537 972 mmmm
1568 927 1778 982 communionem

138 1001 266 1065 rumpam
285 1004 337 1049 nge
349 998 463 1065 propter
475 991 528 1047 hog
537 990 640 1057 gotum,
652 1004 688 1046 ne
702 987 820 1045 carpana
839 1002 940 1044 conau-
1068 980 1195 1036 accedere
1206 982 1285 1038 liceat
1295 990 1427 1040 nocturna
1442 988 1566 1045 illusione
1574 993 1728 1061 pollutum?

140 1084 342 1158 piscentiaenos
362 1084 423 1157 igue
437 1083 601 1150 succendat,
618 1080 666 1140 scd
680 1097 717 1138 ne
731 1083 817 1139 etiam
831 1079 940 1137 iracun-
1030 1081 1186 1140 Germanus
1212 1106 1219 1140 z
1242 1087 1450 1157 Dispensatione
1483 1092 1532 1148 Dei
1567 1096 1703 1154 credimus
1728 1098 1799 1158 hanc

138 1176 195 1235 nia
218 1177 257 1234 rel
281 1176 384 1235 luroris
404 1185 485 1249 atque
499 1175 626 1243 tristius,
644 1181 860 1246 caeterarumque
882 1186 942 1227 om·
994 1175 1173 1244 guaestioueru
1185 1177 1339 1235 inmedium
1354 1181 1701 1254 inisseprolatam,utillud
1713 1192 1796 1262 quod,

140 1270 215 1327 nium
239 1272 396 1343 passionum
423 1269 506 1327 iaciat
524 1285 584 1327 esse
607 1269 846 1341 marinianum
871 1281 941 1322 cum
994 1268 1156 1325 verecundia
1177 1268 1361 1345 interrogandi
1386 1274 1515 1332 fidnciam
1538 1280 1695 1351 cohibente,
1713 1300 1799 1341 num-

140 1366 222 1423 nobis
235 1381 296 1423 esca
310 1382 343 1423 ac
356 1373 440 1437 potus
453 1365 494 1421 rel
507 1364 688 1439 negligentius
703 1363 744 1419 rel
764 1362 874 1418 tardius
886 1360 940 1417 mi·
995 1377 1080 1435 guam
1099 1365 1242 1434 potuimus
1261 1367 1386 1438 edoceri,
1403 1385 1476 1427 nunc
1490 1377 1696 1444 opportunitate
1711 1379 1800 1437 colla-

140 1460 284 1529 nistratur,
300 1461 322 1517 si
336 1460 407 1533 gulae
428 1459 614 1517 dominatione
635 1456 825 1531 deprimimur,
845 1469 941 1512 conse-
996 1455 1249 1529 cluniacensesque
1268 1460 1353 1531 ipsius
1373 1462 1470 1519 ordine
1490 1470 1643 1537 provocati,
1668 1473 1800 1532 sciscitari

144 1566 233 1624 quens
252 1560 295 1608 est
318 1560 349 1608 ut
369 1552 453 1608 etiarn
474 1552 621 1610 iracundiae
644 1549 764 1607 stimulis
785 1547 939 1604 incitemur.
998 1547 1161 1607 fiducialiter
1190 1552 1351 1611 audeamus.
1369 1557 1397 1612 Si
1424 1558 1509 1630 igitur
1531 1575 1565 1616 eo
1591 1569 1715 1634 tempore
1742 1584 1799 1640 quo

143 1646 179 1701 lit
198 1659 304 1711 rursum
318 1645 488 1716 voluptuosis
507 1642 651 1716 saporibus
672 1641 820 1699 demulceri
841 1639 943 1711 absque
999 1642 1090 1697 accedi
1104 1652 1213 1714 oportet
1232 1646 1266 1703 ad
1281 1659 1453 1707 sacrosancta
1470 1655 1610 1725 mysteria,
1628 1660 1794 1719 senserimus

143 1737 312 1811 philargyris
332 1744 408 1810 peste
430 1753 486 1794 non
510 1751 667 1809 possumus,
682 1752 730 1808 per
750 1734 828 1806 cuius
852 1746 984 1808 super-13
1000 1748 1051 1791 nos
1064 1736 1165 1791 somnii
1186 1738 1309 1797 illusione
1331 1743 1466 1815 pollutos,
1483 1748 1673 1816 praesumenda
1687 1745 1751 1807 est*
1764 1769 1801 1811 an

144 1830 215 1888 lluos
243 1839 387 1904 apparatur
411 1830 517 1904 magnis
542 1830 648 1887 luxuria
671 1829 771 1901 gaudet
789 1824 944 1899 impendiis.
1002 1826 1566 1896 vitandaillasalutarisescarsacrosancta
1581 1846 1737 1916 perceptio?

693 1964 821 2021 ALARDl
840 1966 954 2021 GAZAEl
973 1965 1252 2023 COMMENTdeUS.

182 2089 271 2146 ·Vide
285 2088 331 2146 lib.
344 2104 363 2147 v
375 2089 494 2145 institut.
508 2105 533 2146 c.
548 2093 575 2157 a,
593 2094 636 2157 to,
649 2093 680 2145 tl
698 2097 725 2145 et
738 2092 785 2158 2³,
801 2096 830 2145 et
844 2090 943 2148 Collat.
999 2089 1102 2173 diosius
1126 2097 1155 2145 et
1169 2090 1346 2171 'enucleatius
1374 2094 1508 2166 explicans
1524 2099 1553 2153 S.
1575 2099 1696 2184 Thomas
1720 2101 1802 2161 docet

147 2168 199 2267 δεῖ
213 2169 351 2290 ¹gadddle'rn
371 2232 554 2305 questionem
576 2231 649 2288 inter
668 2230 733 2287 alias
755 2232 793 2287 u.
810 2230 945 2306 Gregorio
999 2161 1800 2315 grffmqoifflrtrlr‘dlfffi'paciflmdmrdludrtpffieefdtmecriaryus

146 2304 291 2378 proposuit
309 2304 336 2360 S.
363 2304 534 2373 Augustinus
554 2303 708 2373 Anglorum
734 2302 879 2375 episcopus
904 2303 946 2360 iris
999 2319 1036 2359 ea
1044 2306 1202 2387 neccessitate
1209 2305 1651 2389 irupeditbominemasumptione
1661 2316 1742 2385 buius
1755 2332 1802 2371 sa·

148 2376 253 2433 verbis:
266 2378 361 2444 muro
370 2378 451 2431 etiam
464 2378 489 2430 si
499 2380 561 2446 post
573 2376 724 2430 diuisionem
738 2390 798 2445 gum
809 2390 860 2445 per
873 2390 946 2431 som·
1000 2380 1140 2429 marcenti.
1152 2376 1238 2433 Aliud
1247 2379 1337 2430 autem
1351 2383 1457 2433 ratione
1466 2395 1600 2449 cugrurrou
1610 2389 1803 2443 eauecessitate

147 2463 213 2503 num
230 2447 585 2516 saletaccidere,uelcorpus
600 2446 832 2515 Dominiuocipere
845 2446 944 2511 rruleat,
1002 2446 1114 2515 impedit
1133 2446 1276 2513 bominem,
1291 2447 1338 2499 sed
1356 2464 1390 2501 ea
1408 2450 1527 2516 quaedum
1544 2460 1718 2521 eorrgmentia
1737 2460 1802 2513 :En

148 2520 190 2574 uel
202 2521 227 2571 si
238 2519 358 2573 sacerdos
372 2519 425 2580 sit,
440 2532 519 2572 sacra
534 2520 665 2586 mysteria
676 2516 828 2572 celebrare?
843 2516 893 2572 Cui
909 2520 943 2573 D.
1001 2518 1154 2569 necessitate
1165 2515 1273 2583 puidam
1291 2517 1405 2585 impedit
1417 2519 1550 2574 hominem
1566 2523 1600 2575 ab
1614 2525 1695 2592 tigris
1707 2542 1803 2583 sama·

148 2588 300 2660 Gregorius
310 2588 346 2643 ita
361 2588 510 2659 respondit,
524 2587 662 2658 praemissa
678 2587 852 2643 distinctione
863 2601 945 2655 supe-
1000 2587 1086 2640 menti
1092 2588 1258 2668 perceptione
1268 2587 1353 2669 soleam
1360 2595 1497 2657 praeratum
1508 2594 1666 2659 mortalem!
1677 2601 1802 2665 quamuis

148 2659 207 2715 rius
221 2659 331 2715 recitata
348 2660 431 2717 :Cum
447 2675 482 2715 cn
495 2664 602 2715 natura
615 2660 804 2729 superfluitate
812 2659 853 2712 uei
868 2660 946 2727 intir-
1000 2661 1132 2710 nocturna
1143 2672 1201 2726 ipra
1212 2656 1327 2725 pollutio
1338 2661 1483 2714 secundum
1493 2665 1696 2721 seeousiderutu
1706 2684 1802 2737 pmea-

148 2733 244 2786 mr‘tate
256 2732 381 2793 evenerit,
390 2732 538 2785 omnimodo
548 2731 699 2786 baecillusio
707 2745 760 2785 nou
768 2733 808 2783 est
818 2730 946 2796 timenda,
1000 2732 1058 2781 turn
1066 2727 1178 2781 mortale
1186 2732 1405 2797 csscrionpossit:
1416 2733 1592 2788 nibilominus
1603 2742 1804 2796 tameurutione

147 2804 216 2871 guia
228 2802 296 2856 barre
309 2804 416 2856 unimus
429 2804 547 2855 nesciens
559 2802 702 2870 pertulisse
718 2801 806 2867 magis
817 2800 946 2854 dolendus
1000 2812 1056 2852 nea
1077 2812 1163 2852 aarum
1184 2800 1344 2868 quaudoque
1365 2801 1442 2855 nicer
1465 2809 1602 2872 peecatum
1623 2810 1735 2862 mortale
1752 2826 1803 2864 au·

149 2878 201 2932 est,
213 2888 295 2939 quam
312 2875 415 2938 fecisse.
429 2873 517 2928 'cum
530 2886 592 2925 uero
604 2870 794 2924 ultramodum
809 2873 946 2939 nwatitus
1000 2883 1101 2922 uenum
1116 2885 1127 2922 :
1146 2873 1172 2923 et
1191 2869 1249 2923 niteo
1271 2870 1468 2926 consideranda
1485 2879 1524 2928 est
1540 2890 1622 2930 causa
1647 2880 1803 2948 pollutionis

152 2941 325 2994 insumendis
339 2943 473 2994 alimentis
484 2944 592 3008 rapitur
605 2947 685 3008 atque
698 2940 798 2994 idcireo
809 2941 949 2995 dumorum
1004 2944 1139 2992 nocturne
1154 2938 1236 3008 (Vide
1255 2942 1420 2995 mmiuuum
1434 2960 1451 2996 a
1466 2946 1527 2999 Sota
1548 2949 1577 3000 in
1592 2962 1622 3002 rr
1636 2949 1710 3004 Seni.
1733 2951 1801 3006 dut.

150 3009 318 3079 reuptaculn
331 3012 491 3078 generantur,
506 3010 583 3062 turbet
595 3009 690 3062 eainde
706 3011 813 3062 animus
832 3011 951 3078 aliquem
1008 3014 1049 3071 tt,
1063 3025 1091 3078 (1.
1110 3016 1134 3072 l,
1146 3025 1172 3063 a.
1186 3010 1223 3079 7).
1239 3010 1404 3079 &undaque
1416 3017 1486 3068 enirn
1499 3021 1621 3084 prouenit
1633 3035 1740 3074 acernea
1752 3036 1803 3075 ea-

152 3085 266 3141 reatum,
277 3084 422 3134 nontamen
430 3093 513 3147 usgue
521 3078 558 3131 ad
564 3078 770 3147 prohibitionem
782 3080 952 3149 percipiendi
1004 3081 1119 3133 trimeca
1129 3081 1279 3148 spirituali,
1294 3082 1392 3136 scilicet
1400 3100 1434 3137 cac
1449 3085 1599 3141 demanium
1610 3091 1742 3154 illisione,
1755 3096 1804 3162 qui

151 3154 223 3206 saci
230 3152 352 3218 mysterii
362 3149 403 3203 uei
417 3151 562 3204 blessarum
575 3148 701 3202 solemnia
715 3149 878 3211 celebrandi,
890 3166 950 3204 eum
1001 3149 1194 3218 phantasmata
1204 3166 1360 3205 commouere
1371 3162 1483 3223 possiunt
1494 3176 1502 3211 ε
1515 3172 1550 3211 eu
1559 3175 1673 3228 quarum
1689 3166 1804 3232 <immri-

151 3224 414 3289 tortasseautsestus
426 3219 585 3288 diesecigit,
599 3223 648 3273 aut
654 3218 775 3274 ealriben'
778 3223 948 3288 mysterium,
1004 3221 1075 3274 tione
1088 3221 1200 3289 pollutio
1212 3222 1350 3277 interdum
1363 3226 1543 3294 subsequitur.
1557 3230 1722 3303 minimoque
1742 3250 1804 3289 uero

153 3308 240 3363 proco
248 3293 321 3362 guod
326 3291 449 3346 merdas
461 3291 568 3344 aliusin
581 3291 634 3345 loca
645 3290 727 3353 deest,
738 3291 799 3359 ipsa
811 3294 951 3346 necessitm
1001 3293 1123 3358 prouenit
1128 3292 1244 3358 pollutio
1252 3308 1373 3346 menaea
1386 3298 1532 3351 intrinseca
1543 3303 1691 3367 spi'rituali,
1704 3306 1805 3359 scilieet

151 3364 293 3433 competiit.
310 3364 414 3420 Nomai
430 3361 530 3416 adsunt
545 3362 597 3415 alii
609 3364 658 3431 gui
668 3361 779 3430 inplere
790 3364 950 3429 mysterium
966 3390 990 3452 C
1005 3375 1039 3414 ea
1053 3360 1266 3429 praecedentibus
1275 3364 1493 3427 cogitationibus.
1505 3368 1662 3435 Aliquando
1671 3378 1761 3427 autem
1771 3390 1805 3429 ca

153 3435 270 3495 wigone,
281 3434 371 3488 iringo
383 3448 430 3503 pir
442 3433 580 3511 crapulam
591 3433 668 3499 taeta
682 3434 876 3501 apereeptione
882 3435 953 3487 sacri
1005 3445 1085 3485 causa
1107 3432 1252 3485 iirtrinseca
1267 3433 1411 3498 corporali,
1425 3435 1466 3488 vei
1484 3452 1517 3490 eu
1535 3442 1730 3507 superfluitate,
1750 3447 1806 3499 sire

154 3507 278 3575 mgsterii
286 3504 427 3574 probibere
437 3519 491 3558 nori
500 3503 585 3566 debet,
594 3503 683 3559 sedai
697 3504 954 3557 immolationesacri
1005 3500 1266 3562 debititatenaturu.
1275 3504 1417 3557 sitentium
1431 3520 1465 3560 en
1477 3511 1720 3577 wpmduituteeibi
1726 3519 1752 3568 et
1760 3530 1805 3584 po

153 3578 277 3645 mysterii
284 3577 427 3637 abstinere,
440 3580 471 3629 ut
485 3575 614 3638 arbitror,
629 3575 766 3629 lumiliter
777 3574 864 3637 debet,
875 3576 900 3629 si
909 3579 952 3629 ta·
1007 3577 1059 3627 tus.
1075 3572 1203 3639 Ouwlibet
1216 3577 1307 3627 autem
1321 3573 1419 3628 datvm
1434 3580 1518 3631 trium
1530 3595 1670 3635 munitum
1680 3590 1768 3652 potest
1779 3591 1806 3641 et

151 3662 213 3703 men
227 3648 384 3701 domnr'entis
392 3652 505 3701 mentem
515 3648 604 3716 turpis
612 3648 770 3713 imaginatio
780 3661 834 3700 uon
843 3660 951 3700 conaus·
1005 3644 1181 3712 siuepeccuto,
1192 3648 1218 3698 et
1226 3659 1286 3698 eum
1296 3650 1552 3712 peceatoeeniaiiuel
1563 3655 1803 3713 marialieuistere.

151 3721 226 3773 serit.
242 3721 311 3775 Nam
320 3724 384 3772 seint
395 3718 493 3787 quibus
503 3718 709 3785 impletumque
721 3716 809 3771 illusio
819 3719 950 3779 nuscitur,
1005 3715 1041 3769 Et
1053 3715 1194 3782 signidem
1212 3716 1248 3769 sit
1261 3717 1319 3769 sine
1330 3721 1446 3784 peccato,
1457 3720 1497 3772 rel
1506 3736 1565 3774 cum
1575 3729 1681 3791 peceato
1693 3728 1803 3790 veniali,

152 3794 184 3844 ut
201 3805 291 3843 eorum
312 3791 419 3843 animus
436 3790 517 3843 etiam
539 3789 568 3841 in
588 3802 679 3842 somaro
699 3790 817 3857 corporis
836 3790 950 3857 positus,
1005 3785 1804 3865 norinenecessitateimpeditsumptronem,dasdlritetquod

152 3860 393 3927 imaginationibus
416 3874 470 3911 non
491 3858 617 3923 tradetur.
634 3859 693 3923 Qua
713 3861 743 3911 in
760 3874 789 3913 re
801 3859 953 3913 ostenditur
1006 3858 1082 3911 borno
1097 3857 1225 3911 arimundo
1243 3859 1279 3911 sit
1291 3872 1353 3910 rcus
1365 3862 1481 3927 corporis
1497 3866 1524 3914 et
1535 3865 1675 3931 sanguinis
1688 3868 1802 3922 liomini.

151 3930 224 3999 quod
234 3930 294 3997 ipsa
307 3942 379 3981 meus
390 3940 497 3980 rcanon
505 3926 675 3987 sitiuna,sed
684 3940 731 3979 sno
741 3927 951 3993 iudiciolibeme
1005 3928 1037 3983 Si
1046 3943 1107 3983 uero
1116 3930 1220 3983 sticum
1229 3928 1341 3983 mortali
1351 3932 1584 4001 peceato‚r'mpedrt
1598 3950 1632 3989 ea
1642 3939 1803 3993 necessitate.

153 4015 215 4055 cum
230 4013 267 4061 se,
282 4000 333 4052 etsi
346 3997 490 4050 dormiendi
500 4010 617 4065 corpore,
633 3996 705 4049 aiiii
712 3998 832 4050 meminit
843 3998 952 4059 uidisse,
1006 3998 1099 4051 illusio
1108 4001 1177 4053 enim
1188 3999 1339 4053 daemonum
1350 4001 1513 4070 quandoque
1525 4008 1694 4072 praemites
1705 4024 1805 4077 praece·
1900 4016 1904 4025 “

156 4073 245 4125 tamen
259 4068 403 4137 invigiliis
420 4067 540 4135 miparis
553 4068 675 4120 meminit
688 4068 718 4119 in
732 4067 878 4133 ingluuiem
890 4070 954 4121 reci-
1006 4066 1081 4120 denti
1097 4067 1262 4133 negligentia
1273 4073 1482 4136 proepssrtitl'ottt's
1501 4073 1538 4126 ud
1559 4076 1730 4140 cierationem,
1745 4094 1805 4148 pum

155 4141 234 4196 disse.
245 4142 278 4197 si
285 4154 345 4193 uera
357 4155 392 4193 eu
405 4139 481 4207 turpi
485 4138 788 4206 cogitationeuigilautis
800 4139 888 4191 oritur
896 4139 957 4192 illu·
1005 4140 1158 4204 potestesse
1171 4141 1197 4190 et
1209 4137 1323 4191 mortaria
1334 4143 1359 4191 et
1368 4140 1626 4209 amiatepeecutum.
1641 4148 1806 4217 Quarrdaque

155 4213 195 4266 sio
212 4212 462 4279 domnicatis,patet
472 4210 563 4262 animo
574 4222 640 4262 suris
651 4213 753 4263 reatus.
766 4208 846 4263 Videt
858 4210 955 4263 enimn
1006 4220 1069 4259 uero
1079 4209 1201 4276 prouenit
1220 4222 1254 4260 ec
1271 4208 1329 4261 sola
1349 4211 1470 4277 neqraitia
1491 4212 1641 4269 dammam
1660 4218 1806 4275 nolarrtium

155 4282 306 4351 guaradice
318 4281 478 4349 imaginatio
487 4280 768 4349 illapr·occsserit,pui
775 4278 849 4348 prurit
859 4282 956 4347 cogito-
1007 4278 1720 4353 impedirebominrmasumptioneinjussacramcuti.
1731 4292 1806 4347 Unde

154 4355 195 4407 uit
208 4355 302 4414 scieris,
323 4352 370 4407 doc
390 4351 641 4421 pertulitmsciens.
657 4351 709 4406 Sed
774 4351 899 4405 uandum
917 4355 956 4407 eet
1008 4348 1108 4416 iegitur
1128 4351 1157 4403 in
1172 4350 1363 4405 collationibus
1382 4354 1501 4415 Patrem,
1522 4357 1594 4425 greod
1611 4374 1670 4412 crim
1692 4362 1805 4430 pirulam

155 4423 709 4493 ipsarogitatroutruminsuggestionem
735 4422 896 4484 electatione,
903 4422 955 4486 rel,
1009 4421 1099 4485 frater
1107 4421 1423 4490 patereturpollutiouem
1433 4429 1654 4495 semperintestis·
1668 4448 1695 4484 ru
1707 4434 1805 4503 gruibus

154 4494 228 4563 guod
239 4493 327 4561 majus
336 4497 383 4554 est,
388 4495 491 4563 peremi
499 4508 625 4547 commun
632 4493 770 4547 accederit.
784 4493 878 4548 'll-ibus
885 4495 955 4547 euim
1009 4491 1259 4545 communicandum
1280 4498 1348 4555 mut,
1360 4497 1474 4551 seriores
1488 4505 1620 4569 comperto
1637 4504 1709 4569 guod
1728 4504 1805 4558 trulla

156 4565 241 4618 modis
253 4565 382 4633 impletur
396 4579 472 4617 omne
482 4568 631 4632 pecorinum,
645 4564 768 4619 uidelicet
776 4566 953 4632 suggestione,
1008 4563 1128 4617 mamad
1143 4565 1376 4632 ipsopracesserat
1385 4566 1557 4623 decreuerunt
1566 4573 1805 4641 quodpropter-doc

154 4635 336 4702 delectatione,
349 4632 483 4688 commuta
494 4635 636 4702 suggestio
649 4637 749 4704 quippe
759 4638 791 4704 tlt
801 4650 851 4708 per
864 4635 954 4689 diabo
1007 4636 1402 4691 aeammumouenoncessaret:
1411 4640 1482 4693 etita
1490 4643 1601 4695 cessauit
1610 4643 1805 4699 ittrrrmaoemo

155 4706 676 4775 lum,delectatiopercnruem,mnsensus
681 4708 861 4774 perspiritum
870 4709 952 4775 :qnia
1006 4719 1080 4759 num.
1092 4706 1225 4761 Similiter
1238 4708 1318 4760 etiam
1326 4709 1505 4776 praecedentes
1518 4713 1806 4777 cogitationeslascirm

156 4792 216 4830 cum
226 4780 345 4845 primam
354 4778 461 4845 eulpam
471 4790 578 4846 serpens
586 4777 726 4844 suggessit,
740 4779 798 4831 Eun
807 4777 879 4831 reiut
891 4792 952 4832 auro
968 4776 1168 4845 liquandogue
1176 4784 1287 4845 possum
1296 4793 1350 4831 aare
1360 4782 1466 4833 omnino
1475 4782 1653 4848 siuepcrcnta,
1667 4789 1736 4852 putu
1746 4800 1807 4841 urm

155 4846 286 4900 delectata
295 4853 343 4907 est,
352 4849 441 4902 Adam
450 4848 522 4901 uelut
530 4848 831 4917 spiritusoousensttrct
840 4862 952 4903 rcecessu·
1007 4847 1109 4915 alr'grrie
1125 4862 1206 4901 eausa
1227 4848 1356 4907 tertianis.
1376 4850 1418 4902 rel
1440 4850 1631 4921 disputationis
1651 4857 1755 4922 cogitur
1772 4856 1806 4911 de

156 4918 201 4971 ria
216 4922 255 4970 est
266 4932 364 4983 maguti
370 4918 619 4980 diseretio‚utinter
627 4920 828 4987 suggestionem,
840 4918 954 4974 delecta·
1007 4918 1109 4972 talibus
1123 4920 1238 4985 rogitare
1256 4924 1302 4972 :et
1316 4921 1342 4971 si
1355 4920 1402 4972 lior
1420 4923 1456 4973 sit
1474 4923 1531 4976 sirie
1551 4928 1762 4994 coricupiseeutin
1779 4932 1806 4984 et

157 4990 254 5043 tionem
260 4992 284 5041 et
297 5001 452 5041 consensum
457 4988 596 5056 judeasui
607 4992 713 5043 animus
721 4990 875 5059 praesideat.
888 4990 953 5047 Cum
1008 4989 1190 5051 delectatione,
1204 5004 1257 5042 uon
1268 4992 1526 5057 eruntmgitatianes
1539 4996 1693 5064 immundae,
1705 5000 1752 5053 sed
1760 4999 1806 5053 bo·

155 5060 368 5126 enimmalrgnus
380 5060 640 5128 spirituspeceatum
653 5062 772 5128 suggerit
787 5063 955 5121 armentari
1008 5065 1088 5115 nesta
1104 5077 1112 5114 :
1134 5074 1168 5113 eu
1179 5060 1274 5128 quibus
1294 5066 1383 5115 tamen
1403 5064 1515 5132 pollutio
1534 5068 1610 5134 sapui
1623 5074 1719 5136 proteat.
1737 5072 1807 5123 sicrrt

157 5131 232 5185 nulla
242 5131 347 5201 peccati
356 5129 495 5183 delectatio
509 5136 646 5199 sequatur,
659 5136 794 5201 pecurtum
806 5135 956 5189 omnimodo
1007 5135 1084 5201 putet
1097 5146 1130 5186 eat
1137 5133 1296 5187 auctoritate
1309 5134 1459 5201 Augustini
1472 5138 1676 5204 superinducta
1692 5140 1772 5205 iilrrg.
1785 5139 1804 5192 l.

155 5208 340 5269 perpetratum
351 5217 403 5254 rrou
416 5205 464 5254 cst.
478 5200 544 5257 Cum
552 5215 612 5254 uero
627 5217 689 5256 caro
698 5202 827 5257 delectari
836 5208 954 5273 caeperit,
1009 5202 1102 5259 xinde
1116 5203 1180 5259 Gen.
1192 5203 1228 5256 ad
1242 5203 1320 5257 litter.
1337 5218 1360 5257 c.
1380 5206 1431 5275 15).
1448 5206 1610 5275 eraudogue
1623 5224 1683 5263 uera
1715 5224 1806 5264 >ruce-

156 5274 361 5339 tuucpecrntum
372 5273 468 5341 incipit
476 5273 560 5326 nasei.
571 5273 602 5328 Si
611 5277 788 5328 aritemetmm
799 5275 839 5328 ad
847 5290 956 5330 cunseu-
1010 5276 1101 5330 dentcs
1115 5276 1288 5343 cogitationes
1301 5279 1363 5327 saint
1384 5291 1418 5329 aa
1433 5279 1644 5345 eonurpiscentia
1658 5284 1683 5333 rt
1695 5226 1808 5335 delceta-

156 5342 257 5394 sionem
264 5343 329 5395 end·
338 5343 497 5397 liberatione
503 5342 716 5405 descendit‚trmc
721 5351 957 5415 precantumcoguo-
1011 5349 1097 5405 tione:
1108 5350 1132 5399 ct
1144 5348 1170 5400 si
1182 5345 1256 5400 adsit
1268 5360 1418 5403 cmiseusns.
1433 5350 1484 5401 erit
1494 5355 1627 5416 peecatum
1639 5352 1751 5406 mariale
1761 5370 1770 5406 .·
1782 5354 1808 5407 si

158 5414 243 5466 scitur
260 5414 361 5480 periei.
375 5414 408 5467 ln
418 5417 585 5484 suggestione
598 5417 683 5482 igitur
699 5420 803 5485 peccati
810 5434 896 5472 senen
906 5424 955 5483 est,
1010 5433 1073 5472 uero
1084 5417 1166 5484 desit,
1176 5417 1344 5471 eritrcuiale.
1357 5418 1489 5472 Similiter
1499 5421 1579 5473 elram
1591 5425 1615 5474 et
1625 5436 1705 5475 causa
1715 5438 1807 5494 eorpua-

158 5484 189 5536 in
197 5483 370 5537 delectatione
403 5486 414 5537 t
428 5489 631 5552 nutrimentum,
637 5488 667 5539 iu
680 5502 806 5543 murmtm
815 5491 954 5558 praefectio.
1011 5490 1077 5543 nilis
1086 5488 1247 5556 quandoque
1258 5492 1295 5541 est
1304 5490 1363 5541 sirie
1369 5495 1485 5557 peccata,
1496 5495 1627 5558 patarum
1636 5499 1715 5547 estem
1728 5498 1808 5565 inii·-

159 5555 297 5609 Hactenus
321 5556 354 5608 l).
397 5554 533 5625 regorius;
557 5558 634 5629 cujus
657 5557 809 5613 doctrinam
828 5574 958 5631 compen-
1012 5562 1218 5614 minorennium
1231 5558 1465 5628 :undeetgnidam
1478 5564 1809 5631 etr'nminuigiluudaubs·

1011 5646 1063 5701 que
1072 5634 1178 5699 peceato
1190 5630 1293 5696 percum
1303 5632 1412 5684 seminis
1423 5634 1575 5701 patiuntur.
1592 5635 1639 5689 Vel
1648 5639 1729 5690 etiam
1742 5638 1810 5689 sr'sit

190 5712 292 5762 *meaa
306 5715 589 5779 apparetoorruptns,et
607 5719 704 5770 diversa
725 5719 796 5771 lertio
811 5720 875 5784 apud
897 5722 957 5771 Gra.
1013 5702 1808 5785 ensrrpertiuitutcnaturre,sieutenimemriingitsauguinem

156 5774 251 5826 tionum
261 5774 319 5828 diat.
328 5782 353 5837 e,
362 5788 415 5839 cap.
427 5779 629 5830 testamentum.
1013 5775 1096 5841 tuere
1111 5773 1211 5841 absque
1223 5777 1340 5841 peccato,
1356 5778 1398 5827 rta
1415 5779 1440 5828 et
1460 5790 1558 5843 temeri,
1573 5778 1645 5845 quod
1663 5784 1701 5833 cst
1716 5791 1810 5847 super·
